4084 6302
414 361 433 413 l
447 361 548 415 ειη
1668 402 1671 405 .
1875 357 1995 415 Oili

2093 356 2199 415 NIS
3538 365 3682 419 iSt-S

411 476 643 533 viderim
692 476 973 531 mulierem
1022 475 1089 530 ad
1132 474 1629 547 concupiscendum
1671 493 1791 534 cam
1834 477 1900 545 “,
1932 487 1987 532 et
2015 482 2060 536 Α
2086 482 2193 541 est,
2233 489 2607 546 sequeremur.
2639 474 2872 542 Quando
2913 477 3059 532 enim
3093 476 3325 534 facimus
3355 481 3681 536 mandatum

415 567 744 624 adulterium
796 567 929 622 mihi
962 566 1018 621 in
1044 566 1223 622 corde
1255 567 1328 622 sit
1360 576 1570 623 natum.
1601 568 1857 640 ignorant
1889 570 1987 624 ho-

410 659 587 712 mines
618 670 742 710 cum
778 670 867 711 me
899 653 1132 709 viderint
1167 655 1467 711 secundum
1500 655 1642 711 vires
1671 671 1821 711 meas
1844 655 1987 711 elec-

410 761 692 818 mosynam
726 745 924 813 facere,
959 755 1143 801 utrum
1177 756 1398 818 propter
1432 748 1752 803 mandatum
1779 747 1873 803 Dei
1896 745 1987 803 rfe-

407 837 599 901 cerim,
621 852 690 892 an
717 837 999 893 hominum
1027 837 1243 895 laudem
1268 837 1621 908 favoremque
1650 838 1984 910 quaesierim.

409 929 652 999 lljll‘nzilis
696 944 785 985 res
833 938 919 985 est
957 931 1012 984 in
1057 941 1352 1001 conspectu
1385 930 1479 986 Dei
1509 931 1718 1002 justum
1750 947 1893 997 esse,
1928 943 1987 986 ut

407 1035 516 1072 non
560 1019 631 1073 ob
656 1018 821 1073 aliam
854 1034 1079 1075 causam
1103 1020 1243 1089 quid
1286 1018 1450 1090 935
1491 1020 1619 1074 boni
1665 1019 1836 1075 facias
1880 1020 1984 1075 nisi

406 1118 626 1181 propter
653 1113 831 1180 ipsum
861 1111 1162 1176 honum,-et
1187 1110 1357 1166 Deum
1383 1120 1591 1167 tantum
1618 1127 1832 1183 quaeras
1857 1113 1983 1168 boni

404 1201 586 1267 operis
604 1200 1008 1256 retributorem.
1028 1199 1157 1255 Tale
1177 1202 1306 1271 quid
1324 1210 1377 1257 et
1392 1201 1981 1273 Apostolus-loquitur;

408 1291 645 1356 Quarum
674 1292 794 1346 laus
824 1308 926 1346 non
963 1307 1027 1347 ea:
1056 1292 1376 1360 hominibus,
1407 1293 1499 1346 sed
1543 1308 1609 1347 ea:
1654 1293 1763 1349 Deo
1791 1304 1868 1349 est
1894 1295 1983 1349 ⁸⁵⁸.

380 1436 383 1439 λ
407 1383 606 1438 Beatus
628 1383 722 1453 qui
751 1384 804 1438 in
831 1394 1123 1454 conspectu
1150 1384 1242 1439 Dei
1262 1385 1445 1455 justus
1478 1394 1582 1451 est,
1614 1395 1776 1456 atque
1800 1387 1988 1442 lauda-

406 1473 822 1530 bilisllomines
837 1477 1263 1546 enim,quamvis
1278 1487 1484 1533 certum
1496 1478 1763 1548 judicium
1788 1480 1988 1536 habere

387 1563 715 1629 .videantur,
741 1572 922 1619 tamen
956 1580 1066 1620 non
1099 1577 1327 1636 possunt
1350 1569 1415 1623 ad
1452 1569 1716 1640 liquidum
1745 1586 1989 1640 pronun-

408 1655 566 1709 tiare.
600 1654 793 1710 Evenit
824 1656 1024 1727 quippe
1054 1659 1346 1725 interdum,
1382 1669 1441 1715 ut
1474 1661 1696 1718 laudent
1736 1678 1860 1718 cum
1891 1664 1987 1735 qui

2086 564 2204 632 Dei,
2248 573 2304 621 et
2348 567 2402 621 in
2429 567 2777 622 conscientia
2813 578 2999 623 nostra
3050 587 3203 627 vana:
3245 572 3432 640 gloriae
3470 574 3674 627 sordes

2087 657 2488 728 respergimus,
2520 666 2591 712 .ut
2635 660 2950 728 placeamus
2999 663 3356 729 hominibus,
3411 672 3507 718 aut
3562 665 3676 719 alia

2086 764 2429 818 quaecunque
2451 764 2559 803 non
2587 751 2762 818 placet
2785 751 2919 816 Deo,
2945 751 3075 807 boni
3103 753 3286 821 operis
3321 768 3490 808 causa
3532 770 3678 824 prae-

2084 838 2245 905 cedit,
2298 839 2552 907 quamvis
2599 837 2869 894 faciamus
2927 852 3259 910 praeceptum
3313 840 3406 895 Dei
3434 849 3673 908 ,tamen

2083 927 2219 984 illud
2242 928 2454 998 absque
2478 929 2700 998 querela
2728 928 3114 997 nonfacimus,
3132 939 3188 986 et
3218 930 3421 1001 injuste
3447 931 3499 986 id
3521 932 3675 1001 quod

2072 1023 2289 1093 justum
2317 1032 2420 1088 est,
2455 1024 2758 1094 sequimur.
2789 1024 3017 1082 Difficile
3039 1042 3170 1097 ergo
3204 1036 3290 1082 est
3311 1027 3594 1083 ambulare
3614 1029 3677 1082 in

2085 1116 2343 1171 omnibus
2373 1116 2647 1171 mandatis
2678 1126 2733 1171 et
2762 1116 3247 1186 justifirationibus
3288 1118 3501 1174 Domini
3550 1120 3680 1175 sine

2084 1208 2328 1279 querela,
2348 1209 2664 1264 secundum
2702 1209 3086 1265 testimonium
3124 1219 3179 1265 et
3218 1211 3437 1266 laudem
3488 1212 3578 1265 Dei
3614 1214 3675 1266 in

2086 1300 2308 1355 Christo
2334 1298 2486 1355 Jesu.
2515 1299 2648 1366 Qua:
2688 1300 2810 1355 laus
2843 1300 3115 1356 reddenda
3153 1309 3239 1357 est
3266 1301 3320 1355 in
3352 1301 3441 1356 die
3475 1300 3674 1371 judicii

2088 1391 2157 1446 ab
2183 1407 2271 1458 eo,
2301 1391 2391 1446 cui
2425 1406 2617 1447 omnes
2648 1407 2750 1446 nos
2788 1390 3128 1446 manifestari
3158 1399 3377 1462 oportet
3416 1403 3541 1445 ante
3570 1392 3676 1445 tri-

2086 1483 2252 1538 bunal
2276 1482 2417 1553 ejus,
2462 1492 2522 1537 ut
2572 1482 2803 1552 recipiat
2837 1483 3221 1553 unusquisque
3263 1497 3387 1552 quas
3421 1497 3516 1552 per
3549 1497 3679 1538 cor-

2087 1591 2190 1645 pus
2216 1575 2403 1645 gessit,
2452 1575 2573 1630 sive
2629 1575 2794 1640 bona,
2826 1576 2942 1629 sive
2977 1575 3120 1629 mala
3152 1576 3220 1628 ⁸⁷.
3282 1574 3488 1629 Omnes
3523 1575 3677 1629 enim

2088 1666 2358 1721 stabimus
2400 1675 2528 1720 ante
2580 1665 2820 1720 tribunal
2853 1664 2991 1729 Dei,
3043 1674 3106 1721 ut
3153 1665 3484 1736 recipiamus
3521 1666 3675 1735 quod

383 1762 519 1813 ,non
547 1758 631 1802 est
660 1748 970 1815 laudabilis,
1002 1759 1055 1804 ct
1085 1751 1132 1805 ei
1174 1752 1463 1807 detrahant
1504 1754 1597 1823 qui
1644 1756 1865 1811 minime
1886 1757 1990 1812 de-
2022 1826 2049 1828 _
2090 1772 2367 1811 meremur
2390 1758 2443 1810 in
2475 1756 2696 1811 Christo
2710 1755 2985 1813 Jcsu.Cui
3013 1766 3098 1813 est
3117 1757 3287 1828 gloria
3307 1766 3363 1812 et
3384 1757 3679 1827 imperium

409 1839 677 1894 tractione
703 1839 900 1910 dignus
933 1850 1038 1896 est.
1069 1841 1232 1899 Solus
1258 1842 1401 1899 Deus
1444 1855 1495 1899 et
1542 1845 1598 1900 in
1645 1846 1806 1902 laude
1848 1856 1903 1903 et
1932 1848 1987 1903 in
2020 1826 2063 1882 Β
2091 1850 2147 1904 in
2174 1848 2372 1904 saecula
2403 1846 2751 1903 smculorum.
2789 1848 2986 1904 Amen.

408 1930 1018 2001 vituperationejustus
1051 1941 1135 1987 est
1165 1932 1353 2002 judex.
1380 1932 1533 1989 Unde
1560 1935 1722 2005 digne
1758 1943 1814 1990 et
1844 1953 1991 1993 nunc

409 2021 628 2076 additur
662 2021 715 2075 in
764 2022 925 2076 laude
970 2022 1299 2092 justorum.:
1343 2023 1511 2080 Erant
1560 2026 1698 2095 justi
1733 2028 1886 2081 ambo
1934 2029 1989 2082 in

386 2123 685 2189 conspectu
721 2113 838 2169 Dei.
873 2113 1003 2170 Tale
1035 2116 1164 2185 quid
1190 2126 1243 2170 et
1271 2116 1530 2172 Salomon
1579 2119 1633 2172 in
1678 2117 1989 2179 Proverbiis

406 2204 751 2270 cohortatur,
787 2203 975 2260 dicens
1007 2223 1020 2260 :
1059 2204 1194 2269 Fili,
1226 2205 1438 2277 provide
1465 2206 1600 2261 bona
1616 2208 1680 2261 in
1712 2221 1989 2280 conspectu

404 2294 510 2349 Dei
534 2305 582 2348 et
607 2295 882 2349 hominum
912 2297 979 2349 “.
1008 2294 1267 2367 Sequitur
1304 2297 1593 2354 Zachariae
1626 2309 1682 2354 et
1712 2299 1989 2358 Elisabeth

410 2389 516 2444 alia
568 2390 831 2445 laudatio.
861 2390 1206 2445 Ambulaates
1247 2393 1301 2445 in
1330 2392 1570 2447 omnibus
1619 2393 1889 2449 mandatis
1939 2405 1988 2449 et

404 2482 887 2554 justi/icationibns
921 2483 1155 2538 Domini.
1203 2483 1436 2549 Quando
1472 2485 1608 2539 bene
1661 2495 1715 2540 et
1746 2496 1890 2541 recte
1924 2487 1992 2543 de

411 2572 690 2641 aliquibus
728 2572 1089 2642 .judicamus,
1146 2574 1199 2626 in
1234 2572 1721 2643 justilicationibus
1775 2573 1988 2628 Domini

416 2663 716 2731 gradimnr.
749 2661 980 2729 Quando
1004 2663 1106 2718 hoc
1138 2671 1232 2717 aut
1279 2662 1409 2716 illud
1453 2662 1713 2729 facimus,
1746 2664 1799 2717 in
1837 2680 1990 2719 man-

409 2751 557 2808 datis
595 2753 741 2808 illius
779 2754 1148 2810 ambulamus.
1176 2752 1335 2808 Unde
1354 2765 1484 2823 puto
1513 2762 1567 2809 et
1598 2765 1845 2810 sanctum
1876 2755 1988 2811 Lu-

410 2859 555 2909 cam,
591 2844 863 2899 volentcm
906 2858 1001 2900 eos
1035 2845 1342 2915 praedicare
1377 2845 1537 2900 laude
1589 2845 1825 2915 perfecta
1850 2888 1864 2910 ,
1907 2848 1991 2901 di-

406 2936 560 2990 xisse
597 2954 611 2989 :
653 2933 821 2988 Erant
884 2935 1013 3000 iusti
1068 2936 1221 2990 ambo
1246 2974 1261 2999 ,
1297 2937 1627 2992 ambulantes
1649 2940 1698 2992 in
1748 2939 1990 2995 omnibus

414 3028 682 3082 mandatis
726 3037 776 3082 et
820 3028 1298 3099 justiﬁrationibus
1355 3028 1588 3085 Domini.
1646 3032 1800 3086 Dicat
1855 3033 1988 3087 mihi

393 3108 684 3191 .qnispiam
720 3144 731 3176 :
768 3118 825 3174 Si
862 3121 983 3176 laus
1018 3122 1121 3176 ista
1157 3120 1395 3190 perfecta
1439 3132 1544 3187 est,
1572 3122 1702 3192 quid
1736 3124 1840 3178 sibi
1875 3125 1991 3180 vult

400 3212 522 3267 .huc
557 3211 701 3281 quod
731 3212 951 3279 dicitur,
987 3213 1100 3265 sine
1121 3211 1371 3282 querela?
1398 3213 1476 3284 (4)
1511 3212 1822 3269 Sulliciebat
1845 3216 1989 3270 enim

415 3302 617 3366 dicere,
653 3300 995 3355 ambulantes
1025 3299 1079 3354 in
1119 3300 1377 3355 omnibus
1419 3301 1521 3357 viis
1560 3309 1616 3355 et
1641 3303 1993 3373 justilicatio-

401 3393 580 3448 .nibus
613 3390 828 3446 Domini
862 3408 876 3446 :
912 3390 1015 3447 nisi
1056 3390 1382 3461 posset-fieri
1418 3400 1479 3445 ut
1501 3392 1745 3448 ambulet
1778 3394 1903 3464 quis
1937 3396 1991 3450 in

400 3484 674 3539 cutnibus
699 3482 970 3538 mandatis
1000 3479 1118 3544 Dei,
1148 3490 1203 3536 et
1245 3490 1422 3537 tamen
1456 3484 1576 3538 sine
1618 3486 1842 3555 querela
1883 3504 1992 3544 non

402 3573 676 3628 ambulet.
701 3570 767 3626 Et
795 3572 1068 3643 quomodo
1100 3580 1279 3641 potest
1309 3575 1528 3630 evenire
1563 3585 1622 3630 ut
1652 3576 1706 3631 in
1736 3579 1992 3635 omnibus

399 3663 691 3720 .mandatis
723 3672 778 3719 et
796 3662 1280 3733 justiﬁcationibus
1303 3663 1395 3718 Dei
1417 3665 1705 3721 ambulans
1727 3668 1830 3723 sub
1852 3685 1987 3739 que-

401 3756 536 3813 ..rela
572 3756 680 3812 sit?
712 3754 813 3809 Cui
846 3755 1083 3809 breviter
1138 3754 1358 3809 dicam:
1404 3753 1519 3811 Nisi
1576 3756 1680 3812 hoc
1717 3759 1791 3812 ita
1824 3772 1990 3826 esset,

417 3861 700 3916 nunquam
734 3845 789 3899 in
817 3845 923 3899 alio
952 3844 1074 3900 loco
1097 3860 1448 3901 nosset-emus
1477 3846 1739 3916 scriptum
1768 3850 1991 3907 referri:

414 3936 573 3992 Juste
600 3935 655 3990 id
681 3935 820 4006 quod
838 3934 1046 4004 justum
1079 3944 1178 3999 est,
1213 3950 1423 4003 sequere
1445 3935 1508 3992 ⁸⁸.
1535 3934 1650 3991 Nisi
1673 3938 1818 3992 enim
1851 3949 1998 3996 esset

414 4030 624 4100 justum
654 4027 878 4097 aliquid,
905 4024 1049 4096 quod
1076 4040 1184 4080 non
1206 4025 1353 4095 juste
1377 4041 1753 4096 sequeremur,
1790 4044 2007 4099 nequa-

391 4136 585 4190 ~qnam
614 4119 1199 4190 nobis-praeciperetur,
1237 4127 1291 4172 ut
1316 4119 1464 4188 juste
1504 4120 1556 4175 id
1595 4121 1744 4191 quod
1782 4120 1992 4191 justum

469 4286 540 4320 νει
564 4284 757 4342 Matth.
797 4301 851 4352 ι,
878 4285 968 4339 28.
1045 4282 1111 4315 ον
1137 4280 1297 4335 Rom.
1326 4295 1387 4347 ll,
1416 4280 1506 4358 29.
1598 4283 1643 4315 θ’
1672 4281 1831 4338 Prov.
1868 4301 1947 4354 ut,
1972 4288 2027 4342 4.

473 4447 575 4515 ,(4)
601 4443 825 4517 Sabatia:
853 4440 1034 4497 Grabii
1066 4443 1450 4517 {Queen-crat.
1475 4441 1631 4517 Τίνος
1658 4442 1818 4517 χᾲριν
1840 4447 2007 4517 πρὸσ.

409 4512 602 4573 manu
630 4515 711 4579 τὸ,
744 4513 1056 4583 diosum-ou;
1087 4513 1403 4583 Alcmeo-ti;
1422 4512 1515 4564 xui.
1547 4513 1604 4564 ὲν
1646 4512 1851 4583 adtacti;
1878 4512 1998 4579 ῖεαῖς

404 4586 665 4657 ,ἐντολαῖς
694 4580 1042 4657 appetissem,
1186 4581 1268 4657 ⁸μὴ
1297 4581 1620 4657 dissim-ron;
1648 4580 1896 4657 aivattEi
1924 4587 1999 4657 μὴ

467 4652 631 4742 ἄρκῆν
659 4651 816 4742 coitio
834 4693 862 4742 ,ἱ
881 4653 988 4742 οὐκ.
1014 4652 1079 4742 ἂν(
1112 4651 1740 4742 ὲλέζέτοχΔικίιξωςντὸ
1768 4651 2002 4742 dinam;

467 4675 532 4742 πρ
563 4675 631 4726 ην
659 4675 849 4716 τουτο,
881 4675 979 4706 ουκ
1014 4675 1079 4707 αν
1112 4675 1357 4719 εΛεγετυ·
1391 4675 1636 4719 Δικιιιως
1674 4675 1740 4707 τυ
1768 4675 2002 4708 amator

424 4675 679 4792 ἒιωξεις.
719 4723 998 4795 Ἐπειᾲκαῖι
1025 4722 1087 4775 τὸ
1102 4722 1390 4795 ’καλὸνηού
1415 4721 1609 4795 καλὸν,
1642 4723 1872 4795 ὅτσινλμὴ
1905 4742 2003 4778 κα·-

411 4789 816 4865 .λῶς’γίνῃται.
861 4791 1030 4865 Ἐπὰν
1070 4789 1162 4865 ρῦν
1203 4792 1444 4865 πριῶμεν
1472 4791 1593 4865 τᾲς-
1607 4789 1831 4865 sva-0M;
1862 4789 2003 4865 ὥστε

421 4859 605 4938 mea
731 4862 990 4938 συνξιᾷᾶτι
1025 4859 1358 4938 ptimude
1383 4862 1704 4938 xsvoboﬁiatg,
1729 4864 1762 4934 ἢ
1792 4864 2006 4938 ἀνθρωο

429 4931 766 5006 impensius;
784 4972 798 4998 ,
819 4933 862 5006 _i‘,
891 4931 1080 5006 ξτέρόυ
1116 4932 1258 5006 sive;
1289 4931 1559 5006 τοιοῦτον,
1588 4933 1711 5006 “cors
1745 4931 2005 5006 ἁτριοῦμεν

427 5000 529 5070 τάξ
561 5000 1133 5072 geometriam.
1172 5000 1300 5056 Sine
1327 5003 1568 5071 querela.
1601 5003 1711 5056 Cur
1742 5000 2003 5058 additur:

432 5078 553 5133 sine
584 5072 839 5143 querela?
884 5073 1023 5136 Quia
1072 5081 1238 5143 potest
1288 5072 1407 5140 ﬁeri
1437 5082 1493 5124 ut
1520 5073 1636 5142 quis
1670 5074 1721 5126 in
1758 5075 2003 5127 omnibus

430 5141 704 5202 mandatis
736 5141 948 5195 Domini
986 5142 1252 5208 ambulet,
1296 5157 1389 5196 nec
1421 5152 1597 5195 tamen
1622 5145 1689 5196 sit
1734 5144 1848 5196 sine
1877 5159 2007 5212 quea

421 5217 566 5271 aeta.
597 5212 881 5267 Nisieuim
920 5212 1016 5265 hoc
1060 5213 1136 5265 ila
1163 5222 1329 5275 esset,
1373 5228 1473 5265 non
1509 5212 1771 5265 diceretur
1799 5229 1817 5266 :
1852 5212 2007 5267 Juste

420 5286 582 5357 .qnod
617 5284 938 5353 .justutn~.est
966 5282 1231 5357 sequeris.
1276 5282 1711 5357 Quandoquidem
1740 5283 1878 5357 quod
1916 5282 2007 5357 lio--

424 5351 692 5419 .nunt'est,
732 5370 836 5407 non
870 5352 1163 5406 estbonum
1183 5391 1198 5418 ,
1230 5368 1346 5405 cum
1375 5351 1497 5404 bene
1526 5368 1626 5404 non
1658 5351 1759 5405 sit.
1782 5351 2008 5417 Quando

429 5428 603 5496 igitur
633 5425 859 5496 facimus
895 5424 1170 5496 mandata.
1203 5424 1281 5496 ita
1312 5424 1445 5475 utin
1474 5422 1797 5496 conscientia
1813 5433 2008 5496 nostra

435 5491 585 5550 uanw
632 5491 816 5563 gloria:
838 5494 1020 5547 sordes
1062 5508 1165 5544 non
1199 5493 1360 5563 sint,
1411 5507 1503 5545 nec
1545 5491 1692 5545 aliud
1736 5493 2006 5562 quidpiam

426 5561 695 5634 ejusmodi
745 5561 1407 5634 agamus,.tuncfacimus
1436 5563 1694 5617 mandata
1732 5561 1845 5617 sine
1877 5578 2009 5632 que-

434 5635 568 5689 rela.
590 5634 817 5689 ltus;th

500 5704 584 5771 .(5)
626 5702 745 5756 .Vid.
780 5712 894 5757 not.
933 5701 986 5754 in
1025 5699 1169 5752 hom.
1205 5698 1238 5753 8
1270 5700 1322 5753 in
1352 5699 1489 5756 Gen.

504 5769 586 5842 (6)
624 5772 809 5827 Multis
850 5772 1070 5843 quidem
1096 5778 1324 5825 auteac
1360 5782 1489 5841 post
1512 5769 1805 5843 Drigcuem
1832 5771 2009 5828 ecclc-
2040 5779 2047 5787 ‘

2676 1957 2965 2015 HOMILIA
2997 1956 3084 2014 ΙΙΙ.

2094 2074 2169 2128 De
2194 2090 2252 2126 eo
2280 2072 2418 2142 quod
2451 2073 2704 2141 scriptum
2741 2080 2817 2125 est
2842 2089 2859 2126 :
2897 2090 2915 2122 ι
2945 2071 3205 2140 Apparuit
3242 2071 3293 2142 ei
3319 2071 3533 2142 angelus
3568 2071 3682 2142 Do-

2159 2140 2314 2267 ién'ni,
2341 2152 2486 2196 stans
2516 2159 2546 2195 a
2570 2143 2771 2197 dextris
2800 2142 2990 2195 altaris
3019 2142 3217 2195 incensi
3239 2140 3333 2213 [ιιι.
3364 2140 3615 2212 accensi].
3649 2162 3674 2194 ι

2208 2228 2296 2283 ap.
2321 2230 2367 2267 ι.

2152 2303 2293 2369 Qua:
2315 2304 2621 2374 corporalia
2653 2311 2782 2358 sunt
2826 2311 2881 2357 et
2926 2318 3088 2358 sensu
3117 2309 3333 2369 carent,
3364 2311 3424 2356 ut
3449 2301 3681 2357 videan-

2092 2404 2181 2450 tur
2207 2395 2277 2451 ab
2325 2396 2453 2461 alio,
2487 2397 2606 2465 ipsa
2652 2394 2788 2449 nihil
2843 2393 3110 2460 efficiunt;
3161 2395 3255 2449 sed
3292 2393 3679 2449 tantummodo

2084 2484 2284 2539 oculus
2301 2484 2527 2539 alterius
2564 2484 2805 2539 intentus
2827 2485 2879 2538 in
2904 2500 2990 2547 ca,
3007 2485 3119 2539 sive
3131 2485 3397 2538 voluerint
3424 2484 3510 2537 illa
3525 2523 3538 2547 ,
3554 2483 3681 2538 sive

2077 2575 2382 2639 noluerint,
2401 2575 2565 2638 videt,
2589 2576 2808 2643 quando
2832 2576 2885 2629 in
2912 2591 2976 2630 ca
3007 2575 3509 2645 contemplationem
3530 2574 3680 2628 dire-

2095 2667 2251 2720 xerit.
2267 2664 2404 2731 Quid
2427 2667 2569 2721 enim
2590 2676 2759 2736 poteSt
2777 2669 2957 2725 homo.
2973 2678 3067 2723 aut
3086 2668 3190 2723 alia
3213 2684 3296 2722 res
3312 2682 3429 2737 qua:
3441 2665 3681 2719 circum-

2088 2757 2253 2811 datur
2283 2772 2512 2826 corpore
2546 2773 2752 2824 crasso,
2774 2774 2897 2812 cum
2918 2758 2972 2812 in
2990 2758 3242 2829 praesenti
3278 2758 3461 2822 fuerit,
3490 2754 3681 2809 facere

2093 2866 2160 2904 ne
2176 2850 2569 2920 cernatur(5;?
2601 2850 2920 2905 Econtrario
2944 2865 3006 2904 ea
3031 2865 3152 2920 quae
3177 2860 3307 2905 sunt
3333 2863 3568 2918 superna
3620 2856 3678 2900 et

2091 2943 2296 3006 divina,
2324 2958 2388 2998 ea
2423 2958 2547 2997 eum
2576 2942 2629 2996 in
2662 2942 2911 3012 praesenti
2960 2940 3197 3006 fuerint,
3254 2955 3362 2994 non
3426 2938 3678 2992 videntur

2096 3034 2200 3088 nisi
2220 3034 2333 3103 ipsa
2362 3033 2664 3090 voluerint:
2689 3044 2744 3089 ct
2766 3036 2818 3087 in
2846 3032 3121 3087 voluntate
3148 3046 3338 3087 eorum
3393 3039 3477 3084 est
3504 3027 3677 3083 videri

2019 3156 2063 3215 α
2094 3124 2178 3179 vel
2205 3140 2312 3179 non
2334 3123 2523 3178 videri.
2562 3122 2747 3178 Gratia
2764 3121 2857 3177 Dei
2876 3122 3051 3176 fuitut
3072 3128 3356 3215 appareret
3378 3117 3675 3181 Abraham,

2098 3216 2182 3270 vel
2228 3215 2438 3270 caeteris
2482 3215 2801 3284 prophetis:
2855 3230 2963 3269 non
3018 3212 3163 3283 quod
3212 3213 3408 3268 oculus
3462 3219 3673 3265 tantum

2098 3308 2283 3365 cordis
2308 3308 2582 3362 Abraham
2616 3307 2677 3368 in
2700 3322 2866 3363 causa
2900 3305 3064 3362 fuerit
3097 3316 3157 3362 ut
3188 3315 3439 3361 cerneret
3468 3303 3674 3366 Deum,

2098 3400 2194 3455 sed
2226 3399 2370 3469 quod
2401 3398 2577 3468 gratia
2604 3397 2698 3452 Dei
2733 3398 2874 3453 ultro
2898 3412 2959 3453 se
2980 3396 3351 3468 aspiciendam
3384 3393 3677 3464 praebuerit

2099 3493 2219 3547 viro
2246 3490 2418 3561 justo.
2446 3488 2559 3544 Hoc
2609 3484 2787 3544 autem
2825 3505 2933 3544 non
2961 3489 3137 3544 solum
3171 3502 3336 3557 super
3378 3486 3490 3540 Deo
3513 3483 3678 3539 Patre

2099 3581 2369 3653 intelligas
2409 3580 2517 3651 (6),
2552 3582 2644 3636 sed
2672 3583 2834 3637 etiam
2879 3595 3046 3651 super
3092 3578 3325 3634 Domino
3371 3577 3674 3641 Salvatore,

2098 3683 2151 3727 et
2176 3689 2340 3744 super
2361 3671 2575 3743 Spiritu
2599 3683 2791 3728 sancto
2806 3712 2824 3741 ,
2845 3681 2899 3727 et
2926 3680 2985 3727 ut
3013 3671 3081 3726 ad
3110 3671 3319 3726 minora
3341 3669 3673 3741 perveniam,

2096 3780 2262 3835 super
2288 3764 2571 3819 cherubim
2607 3773 2660 3818 et
2690 3765 2985 3834 seraphim.
3015 3762 3157 3818 Fieri
3190 3763 3334 3818 enim
3375 3770 3569 3832 potest,
3616 3772 3685 3817 ut

2096 3866 2152 3912 et
2176 3872 2319 3912 nunc
2347 3856 2504 3909 nobis
2529 3855 2877 3925 loquentibus
2905 3853 3387 3925 assistatangelus,
3415 3864 3468 3907 et
3492 3860 3673 3906 tamen

2098 3948 2225 4018 quia
2260 3961 2367 4001 non
2401 3962 2695 4012 meremur,
2725 3961 2849 4001 eum
2875 3945 3058 4000 videre
3081 3959 3434 4015 nequeamus.
3467 3941 3676 4008 Quam-

2100 4038 2182 4092 vis
2210 4037 2357 4092 enim
2391 4037 2582 4091 oculus
2615 4037 2729 4091 sive
2769 4037 3054 4105 corporis,
3098 4037 3211 4090 sive
3249 4035 3443 4090 anima:
3475 4041 3678 4087 nostra:

2103 4128 2171 4185 ad
2197 4128 2674 4197 contemplandum
2705 4127 2970 4192 intendat,
2990 4116 3101 4182 nisi
3142 4134 3333 4197 sponte
3365 4124 3676 4197 apparuerit

2103 4291 2148 4322 “
2186 4289 2343 4346 Deut.
2395 4304 2521 4348 xvr.
2552 4287 2642 4371 20.
2731 4288 2775 4320 "’
2804 4285 2847 4342 ll
2874 4287 3003 4343 Cor.
3041 4303 3094 4355 v,
3137 4287 3222 4342 10.

2115 4447 2353 4504 siasticis
2378 4445 2695 4507 auctoribus
2727 4457 3049 4514 persuasum
3083 4441 3217 4508 fuit,
3244 4441 3462 4514 quando
3485 4441 3538 4495 in
3571 4440 3678 4494 Vc—

2030 4528 2074 4585 D
2105 4520 2236 4573 teris
2269 4516 2601 4572 Testamenti
2653 4513 2879 4570 historia
2904 4514 3051 4585 Deus
3082 4513 3408 4585 patriarchis
3433 4521 3677 4585 autpro-

2103 4589 2280 4658 phetis
2304 4588 2504 4658 dicitur
2532 4584 2881 4658 apparuisse,
2901 4580 3158 4658 inqueiis
3188 4580 3429 4636 adfuisse
3456 4580 3674 4658 Filium,

2102 4649 2298 4713 debere
2318 4657 2566 4724 intelligi,
2579 4649 2677 4724 qui
2699 4669 2903 4724 morem
2924 4649 3067 4706 Patri
3087 4667 3278 4724 gerens
3298 4649 3674 4724 aspectabdem

2104 4743 2226 4800 sese
2251 4727 2361 4782 illis
2394 4720 2716 4800 prmbuerit,
2732 4722 2953 4791 Deique,
2981 4720 3294 4800 angeli,_aut
3323 4720 3559 4800 Domini,
3579 4732 3678 4800 pro

2104 4796 2256 4868 varia
2285 4794 2449 4868 quam
2485 4794 2765 4868 sust_i_nuit_
2789 4807 3025 4868 persona
3050 4794 3280 4868 nomina
3316 4794 3545 4845 sortitus
3571 4794 3677 4849 sit,

2104 4867 2237 4936 quin
2266 4860 2322 4922 ei
2341 4866 2566 4936 junctus
2594 4865 2662 4920 iis
2684 4860 3113 4918 substantialitcr
3146 4860 3330 4923 fuerit,
3362 4872 3678 4979 quanquam

2107 4953 2214 4979 nnn
2265 4937 2637 4979 ὑπηστητικῆ-
2679 4934 2772 4979 Sml
2815 4933 3037 4979 σνετικῆ
3086 4928 3493 4979 coniunctione.
3553 4925 3678 4979 lanc

2107 4925 2214 4991 non
2265 4925 2637 5005 ὐπόστατικῇ,
2679 4934 2772 4988 sed
2815 4933 3038 5005 ᾳχετικῇ
3086 4925 3493 5005 conjunctione.
3530 4925 3681 4979 lianc

2108 5006 2301 5061 merito
2350 5000 2879 5075 reprehe't'ulerealii
2917 5000 3239 5075 sententiam
3280 5014 3313 5075 :_
3346 5014 3448 5075 nec
3497 5006 3678 5075 tamen

2106 5063 2770 5146 Origenem'criminandi
2819 5071 3163 5146 occasionem
3208 5067 3542 5146 arripimus._
3569 5063 3675 5146 Sed

2108 5134 2233 5200 cuni
2271 5146 2359 5200 hic
2406 5144 2627 5199 easdem
2665 5150 2846 5211 partes
2877 5149 2932 5193 et
2968 5139 3081 5211 Deo
3125 5136 3269 5191 Patri
3292 5134 3403 5211 {et
3453 5134 3681 5211 Spiritui

2108 5224 2298 5270 sancto
2331 5216 2567 5279 tribuat,
2616 5203 2949 5283 paradoxam
2982 5209 3167 5283 illique
3201 5203 3531 5283 peculiarem
3582 5203 3684 5257 do-

2108 5285 2340 5339 ctrinam
2371 5285 2581 5352 absque
2615 5280 3054 5353 reprehensionis
3096 5287 3220 5353 nota
3257 5280 3533 5353 puniet-ire
3572 5288 3681 5327 non

2108 5356 2289 5410 liccat.
2319 5343 2599 5422 Siquidem
2636 5343 2724 5423 illa
2764 5351 2879 5420 ipsa
2907 5343 3295 5423 Adamantium
3317 5343 3683 5423 (‘CSlitllilul'jl-

2112 5425 2223 5489 tio,
2268 5440 2376 5494 qua
2400 5412 2590 5494 'caaleri
2629 5412 2885 5494 viden-tur
2915 5417 3133 5471 adducti
3163 5436 3176 5470 :
3210 5413 3547 5494 putaret-bis
3575 5412 3684 5463 illis

2115 5484 2483 5549 leodi‘xsxnt
2513 5511 2526 5546 :
2562 5490 2726 5544 Deum
2755 5488 2969 5541 Patrem
3008 5503 3154 5540 nemo
3191 5484 3379 5552 videbit
3421 5498 3683 5552 unquam,

2109 5576 2156 5618 et
2206 5564 2335 5617 vicet
2378 5577 2397 5615 :
2440 5572 2495 5615 ct
2542 5558 2848 5615 ccontrario
2881 5556 3002 5630 illis
3046 5555 3247 5630 (ibristt
3279 5550 3483 5630 Joann.
3509 5550 3622 5630 Lvut
3664 5566 3681 5630 ς

2115 5633 2380 5686 Abraham
2407 5631 2690 5686 exsultauit
2721 5638 2777 5684 ut
2805 5626 2999 5681 videret
3030 5626 3167 5679 diem
3198 5638 3366 5677 meum
3393 5636 3411 5677 :
3437 5621 3589 5686 vidit,
3631 5629 3681 5676 et

2111 5704 2320 5772 gauisus
2348 5711 2454 5773 est,
2476 5701 2668 5772 hiSquu
2695 5697 2983 5753 similibus.

4047 198 4084 245 τ

4047 285 4084 307 -ιι
