  <div class='ocr_page' id='page_1' title='image "/cluster/home/n/w/nwhite01/storage/ocr_20150623/13/mdp.39015007036059/918.png"; bbox 0 0 4084 6302; ppageno 0'>
   <div class='ocr_carea' id='block_1_1' title="bbox 365 394 498 450">
    <p class='ocr_par' dir='ltr' id='par_1_1' title="bbox 365 394 498 450">
     <span class='ocr_line' id='line_1_1' title="bbox 365 394 498 450; baseline 0 0"><span class='ocrx_word' id='word_1_1' title='bbox 365 394 498 450; x_wconf 69' lang='lat' dir='ltr'><strong>t8229</strong></span> 
     </span>
    </p>
   </div>
   <div class='ocr_carea' id='block_1_2' title="bbox 1596 375 2380 441">
    <p class='ocr_par' dir='ltr' id='par_1_2' title="bbox 1596 375 2380 441">
     <span class='ocr_line' id='line_1_2' title="bbox 1596 375 2380 441; baseline -0.005 -2"><span class='ocrx_word' id='word_1_2' title='bbox 1596 383 1664 440; x_wconf 79' lang='grc' dir='ltr'><strong>ΙΝ</strong></span> <span class='ocrx_word' id='word_1_3' title='bbox 1702 378 1949 441; x_wconf 65' lang='grc' dir='ltr'>ιυελιιτ</span> <span class='ocrx_word' id='word_1_4' title='bbox 1976 376 2260 436; x_wconf 67' lang='lat' dir='ltr'><strong>HOMILIA</strong></span> <span class='ocrx_word' id='word_1_5' title='bbox 2288 375 2380 435; x_wconf 55' lang='grc' dir='ltr'>ιγ’.</span> 
     </span>
    </p>
   </div>
   <div class='ocr_carea' id='block_1_3' title="bbox 3487 365 3627 422">
    <p class='ocr_par' dir='ltr' id='par_1_3' title="bbox 3487 365 3627 422">
     <span class='ocr_line' id='line_1_3' title="bbox 3487 365 3627 422; baseline 0 -1"><span class='ocrx_word' id='word_1_6' title='bbox 3487 367 3549 422; x_wconf 66' lang='lat' dir='ltr'><strong>l&#39;i</strong></span> <span class='ocrx_word' id='word_1_7' title='bbox 3560 365 3627 422; x_wconf 77' lang='grc' dir='ltr'>ω</span> 
     </span>
    </p>
   </div>
   <div class='ocr_carea' id='block_1_4' title="bbox 367 478 3622 580">
    <p class='ocr_par' dir='ltr' id='par_1_4' title="bbox 367 478 3622 580">
     <span class='ocr_line' id='line_1_4' title="bbox 367 478 3622 580; baseline -0.009 -17"><span class='ocrx_word' id='word_1_8' title='bbox 367 506 612 580; x_wconf 84' lang='lat' dir='ltr'><strong>angelus,</strong></span> <span class='ocrx_word' id='word_1_9' title='bbox 647 514 702 560; x_wconf 90' lang='lat' dir='ltr'><strong>ct</strong></span> <span class='ocrx_word' id='word_1_10' title='bbox 728 519 788 560; x_wconf 88' lang='lat' dir='ltr'><strong>se</strong></span> <span class='ocrx_word' id='word_1_11' title='bbox 817 502 917 576; x_wconf 63' lang='lat' dir='ltr'><strong>[at</strong></span> <span class='ocrx_word' id='word_1_12' title='bbox 954 490 1372 574; x_wconf 53' lang='lat' dir='ltr'><strong>silviJ&#39;t&#39;ndum</strong></span> <span class='ocrx_word' id='word_1_13' title='bbox 1407 497 1735 569; x_wconf 74' lang='lat' dir='ltr'><strong>prmbuerit&#39;,</strong></span> <span class='ocrx_word' id='word_1_14' title='bbox 1776 505 1829 551; x_wconf 90' lang='lat' dir='ltr'><strong>et</strong></span> <span class='ocrx_word' id='word_1_15' title='bbox 1859 494 1948 550; x_wconf 86' lang='lat' dir='ltr'><strong>ille</strong></span> <span class='ocrx_word' id='word_1_16' title='bbox 1977 498 2019 553; x_wconf 75' lang='grc' dir='ltr'>Α</span> <span class='ocrx_word' id='word_1_17' title='bbox 2050 491 2136 547; x_wconf 89' lang='lat' dir='ltr'><strong>cui</strong></span> <span class='ocrx_word' id='word_1_18' title='bbox 2167 500 2252 547; x_wconf 90' lang='lat' dir='ltr'><strong>est</strong></span> <span class='ocrx_word' id='word_1_19' title='bbox 2296 487 2479 561; x_wconf 29' lang='lat' dir='ltr'><strong>gloria.</strong></span> <span class='ocrx_word' id='word_1_20' title='bbox 2512 495 2567 544; x_wconf 91' lang='lat' dir='ltr'><strong>et</strong></span> <span class='ocrx_word' id='word_1_21' title='bbox 2591 485 2876 557; x_wconf 87' lang='lat' dir='ltr'><strong>imperium</strong></span> <span class='ocrx_word' id='word_1_22' title='bbox 2898 500 2906 509; x_wconf 67' lang='grc'><strong>“</strong></span> <span class='ocrx_word' id='word_1_23' title='bbox 2931 482 2985 537; x_wconf 91' lang='lat' dir='ltr'><strong>in</strong></span> <span class='ocrx_word' id='word_1_24' title='bbox 3029 481 3229 539; x_wconf 57' lang='lat' dir='ltr'><strong>saecula</strong></span> <span class='ocrx_word' id='word_1_25' title='bbox 3275 478 3622 537; x_wconf 61' lang='lat' dir='ltr'><strong>seculorum.</strong></span> 
     </span>
    </p>
   </div>
   <div class='ocr_carea' id='block_1_5' title="bbox 367 584 1946 668">
    <p class='ocr_par' dir='ltr' id='par_1_5' title="bbox 367 584 1946 668">
     <span class='ocr_line' id='line_1_5' title="bbox 367 584 1946 668; baseline -0.009 -15"><span class='ocrx_word' id='word_1_26' title='bbox 367 598 461 668; x_wconf 85' lang='lat' dir='ltr'><strong>qui</strong></span> <span class='ocrx_word' id='word_1_27' title='bbox 491 612 617 652; x_wconf 83' lang='lat' dir='ltr'><strong>vere</strong></span> <span class='ocrx_word' id='word_1_28' title='bbox 648 593 953 657; x_wconf 87' lang='lat' dir='ltr'><strong>desiderat,</strong></span> <span class='ocrx_word' id='word_1_29' title='bbox 999 606 1107 647; x_wconf 91' lang='lat' dir='ltr'><strong>non</strong></span> <span class='ocrx_word' id='word_1_30' title='bbox 1142 584 1366 644; x_wconf 78' lang='lat' dir='ltr'><strong>videbit.</strong></span> <span class='ocrx_word' id='word_1_31' title='bbox 1408 588 1594 660; x_wconf 89' lang='lat' dir='ltr'><strong>Itaque</strong></span> <span class='ocrx_word' id='word_1_32' title='bbox 1635 587 1946 656; x_wconf 82' lang='lat' dir='ltr'><strong>ubicunque</strong></span> 
     </span>
    </p>
   </div>
   <div class='ocr_carea' id='block_1_6' title="bbox 369 678 1949 759">
    <p class='ocr_par' dir='ltr' id='par_1_6' title="bbox 369 678 1949 759">
     <span class='ocr_line' id='line_1_6' title="bbox 369 678 1949 759; baseline -0.009 -14"><span class='ocrx_word' id='word_1_33' title='bbox 369 690 633 759; x_wconf 87' lang='lat' dir='ltr'><strong>scriptum</strong></span> <span class='ocrx_word' id='word_1_34' title='bbox 666 685 863 753; x_wconf 79' lang='lat' dir='ltr'><strong>fuerit,</strong></span> <span class='ocrx_word' id='word_1_35' title='bbox 907 682 1161 755; x_wconf 91' lang='lat' dir='ltr'><strong>apparuit</strong></span> <span class='ocrx_word' id='word_1_36' title='bbox 1199 680 1344 737; x_wconf 85' lang='lat' dir='ltr'><strong>Deus</strong></span> <span class='ocrx_word' id='word_1_37' title='bbox 1392 681 1491 747; x_wconf 88' lang='lat' dir='ltr'><strong>illi,</strong></span> <span class='ocrx_word' id='word_1_38' title='bbox 1546 679 1629 735; x_wconf 86' lang='lat' dir='ltr'><strong>vel</strong></span> <span class='ocrx_word' id='word_1_39' title='bbox 1659 678 1758 741; x_wconf 83' lang='lat' dir='ltr'><strong>illi,</strong></span> <span class='ocrx_word' id='word_1_40' title='bbox 1805 685 1864 731; x_wconf 84' lang='lat' dir='ltr'><strong>ut</strong></span> <span class='ocrx_word' id='word_1_41' title='bbox 1894 686 1949 731; x_wconf 92' lang='lat' dir='ltr'><strong>et</strong></span> 
     </span>
    </p>
   </div>
   <div class='ocr_carea' id='block_1_7' title="bbox 370 767 1947 846">
    <p class='ocr_par' dir='ltr' id='par_1_7' title="bbox 370 767 1947 846">
     <span class='ocr_line' id='line_1_7' title="bbox 370 767 1947 846; baseline -0.01 -11"><span class='ocrx_word' id='word_1_42' title='bbox 370 794 557 835; x_wconf 84' lang='lat' dir='ltr'><strong>nunc:</strong></span> <span class='ocrx_word' id='word_1_43' title='bbox 591 775 850 846; x_wconf 74' lang='lat' dir='ltr'><strong>Apparuit</strong></span> <span class='ocrx_word' id='word_1_44' title='bbox 876 775 925 829; x_wconf 91' lang='lat' dir='ltr'><strong>ei</strong></span> <span class='ocrx_word' id='word_1_45' title='bbox 948 773 1165 845; x_wconf 82' lang='lat' dir='ltr'><strong>angelus</strong></span> <span class='ocrx_word' id='word_1_46' title='bbox 1201 772 1444 840; x_wconf 77' lang='lat' dir='ltr'><strong>Domini,</strong></span> <span class='ocrx_word' id='word_1_47' title='bbox 1478 782 1626 826; x_wconf 83' lang='lat' dir='ltr'><strong>stans</strong></span> <span class='ocrx_word' id='word_1_48' title='bbox 1671 787 1704 824; x_wconf 84' lang='grc' dir='ltr'><em>α</em></span> <span class='ocrx_word' id='word_1_49' title='bbox 1745 767 1947 822; x_wconf 72' lang='lat' dir='ltr'><strong>dextris</strong></span> 
     </span>
    </p>
   </div>
   <div class='ocr_carea' id='block_1_8' title="bbox 339 856 1950 944">
    <p class='ocr_par' dir='ltr' id='par_1_8' title="bbox 339 856 1950 944">
     <span class='ocr_line' id='line_1_8' title="bbox 339 856 1950 944; baseline -0.007 -22"><span class='ocrx_word' id='word_1_50' title='bbox 339 905 347 944; x_wconf 56' lang='grc' dir='ltr'>ε</span> <span class='ocrx_word' id='word_1_51' title='bbox 370 870 561 921; x_wconf 83' lang='lat' dir='ltr'><strong>altaris</strong></span> <span class='ocrx_word' id='word_1_52' title='bbox 582 864 803 927; x_wconf 76' lang='lat' dir='ltr'><strong>incensi,</strong></span> <span class='ocrx_word' id='word_1_53' title='bbox 838 864 911 918; x_wconf 90' lang='lat' dir='ltr'><strong>ita</strong></span> <span class='ocrx_word' id='word_1_54' title='bbox 951 872 1012 918; x_wconf 93' lang='lat' dir='ltr'><strong>ut</strong></span> <span class='ocrx_word' id='word_1_55' title='bbox 1037 863 1173 929; x_wconf 76' lang='lat' dir='ltr'><strong>dixi,</strong></span> <span class='ocrx_word' id='word_1_56' title='bbox 1197 862 1456 931; x_wconf 82' lang='lat' dir='ltr'><strong>intellige.</strong></span> <span class='ocrx_word' id='word_1_57' title='bbox 1488 860 1617 916; x_wconf 88' lang='lat' dir='ltr'><strong>Sive</strong></span> <span class='ocrx_word' id='word_1_58' title='bbox 1647 859 1812 923; x_wconf 83' lang='lat' dir='ltr'><strong>Deus,</strong></span> <span class='ocrx_word' id='word_1_59' title='bbox 1834 856 1950 912; x_wconf 90' lang='lat' dir='ltr'><strong>sive</strong></span> 
     </span>
    </p>
   </div>
   <div class='ocr_carea' id='block_1_9' title="bbox 343 949 1950 1029">
    <p class='ocr_par' dir='ltr' id='par_1_9' title="bbox 343 949 1950 1029">
     <span class='ocr_line' id='line_1_9' title="bbox 343 949 1950 1029; baseline -0.005 -16"><span class='ocrx_word' id='word_1_60' title='bbox 343 952 599 1029; x_wconf 37' lang='lat' dir='ltr'><strong>‘angclus</strong></span> <span class='ocrx_word' id='word_1_61' title='bbox 638 954 873 1009; x_wconf 73' lang='lat' dir='ltr'><strong>Abrahae</strong></span> <span class='ocrx_word' id='word_1_62' title='bbox 917 955 1010 1010; x_wconf 86' lang='lat' dir='ltr'><strong>vel</strong></span> <span class='ocrx_word' id='word_1_63' title='bbox 1041 954 1361 1018; x_wconf 76' lang='lat' dir='ltr'><strong>Zatharire,</strong></span> <span class='ocrx_word' id='word_1_64' title='bbox 1408 967 1532 1008; x_wconf 89' lang='lat' dir='ltr'><strong>cum</strong></span> <span class='ocrx_word' id='word_1_65' title='bbox 1591 951 1823 1007; x_wconf 84' lang='lat' dir='ltr'><strong>voluerit</strong></span> <span class='ocrx_word' id='word_1_66' title='bbox 1866 949 1950 1005; x_wconf 89' lang='lat' dir='ltr'><strong>vel</strong></span> 
     </span>
    </p>
   </div>
   <div class='ocr_carea' id='block_1_10' title="bbox 376 1042 1952 1116">
    <p class='ocr_par' dir='ltr' id='par_1_10' title="bbox 376 1042 1952 1116">
     <span class='ocr_line' id='line_1_10' title="bbox 376 1042 1952 1116; baseline -0.004 -13"><span class='ocrx_word' id='word_1_67' title='bbox 376 1048 628 1116; x_wconf 81' lang='lat' dir='ltr'><strong>noluerit,</strong></span> <span class='ocrx_word' id='word_1_68' title='bbox 657 1055 754 1102; x_wconf 89' lang='lat' dir='ltr'><strong>aut</strong></span> <span class='ocrx_word' id='word_1_69' title='bbox 793 1061 900 1101; x_wconf 91' lang='lat' dir='ltr'><strong>non</strong></span> <span class='ocrx_word' id='word_1_70' title='bbox 927 1046 1221 1113; x_wconf 74' lang='lat' dir='ltr'><strong>videbitur,</strong></span> <span class='ocrx_word' id='word_1_71' title='bbox 1252 1054 1348 1100; x_wconf 89' lang='lat' dir='ltr'><strong>aut</strong></span> <span class='ocrx_word' id='word_1_72' title='bbox 1392 1043 1685 1100; x_wconf 77' lang='lat' dir='ltr'><strong>videbitur.</strong></span> <span class='ocrx_word' id='word_1_73' title='bbox 1743 1042 1808 1097; x_wconf 88' lang='lat' dir='ltr'><strong>Et</strong></span> <span class='ocrx_word' id='word_1_74' title='bbox 1847 1042 1952 1097; x_wconf 88' lang='lat' dir='ltr'><strong>hoc</strong></span> 
     </span>
    </p>
   </div>
   <div class='ocr_carea' id='block_1_11' title="bbox 374 1136 1948 1211">
    <p class='ocr_par' dir='ltr' id='par_1_11' title="bbox 374 1136 1948 1211">
     <span class='ocr_line' id='line_1_11' title="bbox 374 1136 1948 1211; baseline -0.004 -15"><span class='ocrx_word' id='word_1_75' title='bbox 374 1156 484 1196; x_wconf 89' lang='lat' dir='ltr'><strong>non</strong></span> <span class='ocrx_word' id='word_1_76' title='bbox 520 1148 732 1196; x_wconf 84' lang='lat' dir='ltr'><strong>tantum</strong></span> <span class='ocrx_word' id='word_1_77' title='bbox 769 1140 821 1195; x_wconf 91' lang='lat' dir='ltr'><strong>in</strong></span> <span class='ocrx_word' id='word_1_78' title='bbox 861 1139 1115 1211; x_wconf 70' lang='lat' dir='ltr'><strong>prmsenti</strong></span> <span class='ocrx_word' id='word_1_79' title='bbox 1148 1138 1348 1194; x_wconf 68' lang='lat' dir='ltr'><strong>saeculo</strong></span> <span class='ocrx_word' id='word_1_80' title='bbox 1370 1138 1627 1205; x_wconf 89' lang='lat' dir='ltr'><strong>dicimus,</strong></span> <span class='ocrx_word' id='word_1_81' title='bbox 1663 1136 1759 1193; x_wconf 88' lang='lat' dir='ltr'><strong>sed</strong></span> <span class='ocrx_word' id='word_1_82' title='bbox 1785 1137 1948 1191; x_wconf 88' lang='lat' dir='ltr'><strong>etiam</strong></span> 
     </span>
    </p>
   </div>
   <div class='ocr_carea' id='block_1_12' title="bbox 375 1226 1952 1299">
    <p class='ocr_par' dir='ltr' id='par_1_12' title="bbox 375 1226 1952 1299">
     <span class='ocr_line' id='line_1_12' title="bbox 375 1226 1952 1299; baseline -0.003 -14"><span class='ocrx_word' id='word_1_83' title='bbox 375 1230 431 1285; x_wconf 93' lang='lat' dir='ltr'><strong>in</strong></span> <span class='ocrx_word' id='word_1_84' title='bbox 464 1230 666 1295; x_wconf 81' lang='lat' dir='ltr'><strong>futuro,</strong></span> <span class='ocrx_word' id='word_1_85' title='bbox 692 1245 817 1285; x_wconf 93' lang='lat' dir='ltr'><strong>cum</strong></span> <span class='ocrx_word' id='word_1_86' title='bbox 855 1228 1272 1299; x_wconf 86' lang='lat' dir='ltr'><strong>migraverimus</strong></span> <span class='ocrx_word' id='word_1_87' title='bbox 1297 1242 1328 1283; x_wconf 90' lang='lat' dir='ltr'><strong>e</strong></span> <span class='ocrx_word' id='word_1_88' title='bbox 1362 1227 1568 1282; x_wconf 91' lang='lat' dir='ltr'><strong>mundo</strong></span> <span class='ocrx_word' id='word_1_89' title='bbox 1591 1268 1608 1294; x_wconf 95' lang='lat'><strong>,</strong></span> <span class='ocrx_word' id='word_1_90' title='bbox 1655 1226 1800 1297; x_wconf 92' lang='lat' dir='ltr'><strong>quod</strong></span> <span class='ocrx_word' id='word_1_91' title='bbox 1843 1240 1952 1280; x_wconf 92' lang='lat' dir='ltr'><strong>non</strong></span> 
     </span>
    </p>
   </div>
   <div class='ocr_carea' id='block_1_13' title="bbox 374 1320 1953 1394">
    <p class='ocr_par' dir='ltr' id='par_1_13' title="bbox 374 1320 1953 1394">
     <span class='ocr_line' id='line_1_13' title="bbox 374 1320 1953 1394; baseline 0 -19"><span class='ocrx_word' id='word_1_92' title='bbox 374 1323 633 1378; x_wconf 90' lang='lat' dir='ltr'><strong>omnibus</strong></span> <span class='ocrx_word' id='word_1_93' title='bbox 665 1323 749 1378; x_wconf 88' lang='lat' dir='ltr'><strong>vel</strong></span> <span class='ocrx_word' id='word_1_94' title='bbox 784 1321 948 1387; x_wconf 83' lang='lat' dir='ltr'><strong>Deus,</strong></span> <span class='ocrx_word' id='word_1_95' title='bbox 981 1323 1062 1377; x_wconf 90' lang='lat' dir='ltr'><strong>vel</strong></span> <span class='ocrx_word' id='word_1_96' title='bbox 1092 1322 1267 1394; x_wconf 82' lang='lat' dir='ltr'><strong>angeli</strong></span> <span class='ocrx_word' id='word_1_97' title='bbox 1297 1330 1613 1393; x_wconf 88' lang='lat' dir='ltr'><strong>appareant,</strong></span> <span class='ocrx_word' id='word_1_98' title='bbox 1656 1322 1801 1393; x_wconf 80' lang='lat' dir='ltr'><strong>quod</strong></span> <span class='ocrx_word' id='word_1_99' title='bbox 1842 1320 1953 1377; x_wconf 87' lang='lat' dir='ltr'><strong>sci-</strong></span> 
     </span>
    </p>
   </div>
   <div class='ocr_carea' id='block_1_14' title="bbox 377 1410 1953 1485">
    <p class='ocr_par' dir='ltr' id='par_1_14' title="bbox 377 1410 1953 1485">
     <span class='ocr_line' id='line_1_14' title="bbox 377 1410 1953 1485; baseline -0.003 -17"><span class='ocrx_word' id='word_1_100' title='bbox 377 1412 504 1468; x_wconf 87' lang='lat' dir='ltr'><strong>licet</strong></span> <span class='ocrx_word' id='word_1_101' title='bbox 529 1423 583 1469; x_wconf 91' lang='lat' dir='ltr'><strong>et</strong></span> <span class='ocrx_word' id='word_1_102' title='bbox 609 1413 855 1485; x_wconf 79' lang='lat' dir='ltr'><strong>angelos,</strong></span> <span class='ocrx_word' id='word_1_103' title='bbox 891 1424 947 1468; x_wconf 88' lang='lat' dir='ltr'><strong>et</strong></span> <span class='ocrx_word' id='word_1_104' title='bbox 975 1411 1239 1484; x_wconf 81' lang='lat' dir='ltr'><strong>Spiritum</strong></span> <span class='ocrx_word' id='word_1_105' title='bbox 1269 1423 1543 1476; x_wconf 87' lang='lat' dir='ltr'><strong>sanetum,</strong></span> <span class='ocrx_word' id='word_1_106' title='bbox 1574 1422 1628 1468; x_wconf 89' lang='lat' dir='ltr'><strong>et</strong></span> <span class='ocrx_word' id='word_1_107' title='bbox 1662 1410 1953 1467; x_wconf 90' lang='lat' dir='ltr'><strong>Dominum</strong></span> 
     </span>
    </p>
   </div>
   <div class='ocr_carea' id='block_1_15' title="bbox 378 1500 1956 1573">
    <p class='ocr_par' dir='ltr' id='par_1_15' title="bbox 378 1500 1956 1573">
     <span class='ocr_line' id='line_1_15' title="bbox 378 1500 1956 1573; baseline 0.001 -19"><span class='ocrx_word' id='word_1_108' title='bbox 378 1500 739 1570; x_wconf 85' lang='lat' dir='ltr'><strong>Salvatorem,</strong></span> <span class='ocrx_word' id='word_1_109' title='bbox 767 1511 821 1557; x_wconf 93' lang='lat' dir='ltr'><strong>et</strong></span> <span class='ocrx_word' id='word_1_110' title='bbox 852 1502 1032 1573; x_wconf 87' lang='lat' dir='ltr'><strong>ipsum</strong></span> <span class='ocrx_word' id='word_1_111' title='bbox 1059 1501 1227 1558; x_wconf 88' lang='lat' dir='ltr'><strong>Deum</strong></span> <span class='ocrx_word' id='word_1_112' title='bbox 1257 1500 1495 1567; x_wconf 85' lang='lat' dir='ltr'><strong>Patrem,</strong></span> <span class='ocrx_word' id='word_1_113' title='bbox 1526 1502 1574 1556; x_wconf 88' lang='lat' dir='ltr'><strong>is</strong></span> <span class='ocrx_word' id='word_1_114' title='bbox 1603 1502 1695 1571; x_wconf 91' lang='lat' dir='ltr'><strong>qni</strong></span> <span class='ocrx_word' id='word_1_115' title='bbox 1731 1502 1798 1556; x_wconf 91' lang='lat' dir='ltr'><strong>de</strong></span> <span class='ocrx_word' id='word_1_116' title='bbox 1832 1516 1956 1555; x_wconf 82' lang='lat' dir='ltr'><strong>eor-</strong></span> 
     </span>
    </p>
   </div>
   <div class='ocr_carea' id='block_1_16' title="bbox 379 1593 1955 1664">
    <p class='ocr_par' dir='ltr' id='par_1_16' title="bbox 379 1593 1955 1664">
     <span class='ocr_line' id='line_1_16' title="bbox 379 1593 1955 1664; baseline -0.001 -16"><span class='ocrx_word' id='word_1_117' title='bbox 379 1609 509 1664; x_wconf 89' lang='lat' dir='ltr'><strong>pore</strong></span> <span class='ocrx_word' id='word_1_118' title='bbox 533 1595 746 1658; x_wconf 79' lang='lat' dir='ltr'><strong>exierit,</strong></span> <span class='ocrx_word' id='word_1_119' title='bbox 779 1596 964 1649; x_wconf 86' lang='lat' dir='ltr'><strong>statim</strong></span> <span class='ocrx_word' id='word_1_120' title='bbox 994 1603 1268 1649; x_wconf 88' lang='lat' dir='ltr'><strong>mereatur</strong></span> <span class='ocrx_word' id='word_1_121' title='bbox 1302 1594 1482 1648; x_wconf 90' lang='lat' dir='ltr'><strong>videre</strong></span> <span class='ocrx_word' id='word_1_122' title='bbox 1517 1611 1530 1648; x_wconf 93' lang='lat'>:</span> <span class='ocrx_word' id='word_1_123' title='bbox 1555 1602 1609 1647; x_wconf 89' lang='lat' dir='ltr'><strong>et</strong></span> <span class='ocrx_word' id='word_1_124' title='bbox 1636 1593 1723 1647; x_wconf 89' lang='lat' dir='ltr'><strong>ille</strong></span> <span class='ocrx_word' id='word_1_125' title='bbox 1745 1601 1955 1648; x_wconf 88' lang='lat' dir='ltr'><strong>tantum</strong></span> 
     </span>
    </p>
   </div>
   <div class='ocr_carea' id='block_1_17' title="bbox 381 1682 1959 1755">
    <p class='ocr_par' dir='ltr' id='par_1_17' title="bbox 381 1682 1959 1755">
     <span class='ocr_line' id='line_1_17' title="bbox 381 1682 1959 1755; baseline 0.001 -18"><span class='ocrx_word' id='word_1_126' title='bbox 381 1684 627 1751; x_wconf 88' lang='lat' dir='ltr'><strong>videbit,</strong></span> <span class='ocrx_word' id='word_1_127' title='bbox 674 1686 769 1755; x_wconf 91' lang='lat' dir='ltr'><strong>qni</strong></span> <span class='ocrx_word' id='word_1_128' title='bbox 819 1685 1082 1739; x_wconf 89' lang='lat' dir='ltr'><strong>mundum</strong></span> <span class='ocrx_word' id='word_1_129' title='bbox 1116 1683 1370 1740; x_wconf 84' lang='lat' dir='ltr'><strong>habuerit</strong></span> <span class='ocrx_word' id='word_1_130' title='bbox 1398 1697 1493 1739; x_wconf 90' lang='lat' dir='ltr'><strong>cor</strong></span> <span class='ocrx_word' id='word_1_131' title='bbox 1521 1683 1588 1748; x_wconf 78' lang='lat'><strong>“,</strong></span> <span class='ocrx_word' id='word_1_132' title='bbox 1612 1692 1667 1738; x_wconf 91' lang='lat' dir='ltr'><strong>et</strong></span> <span class='ocrx_word' id='word_1_133' title='bbox 1699 1682 1858 1738; x_wconf 86' lang='lat' dir='ltr'><strong>talem</strong></span> <span class='ocrx_word' id='word_1_134' title='bbox 1898 1698 1959 1738; x_wconf 91' lang='lat' dir='ltr'><strong>se</strong></span> 
     </span>
    </p>
   </div>
   <div class='ocr_carea' id='block_1_18' title="bbox 382 1772 1957 1846">
    <p class='ocr_par' dir='ltr' id='par_1_18' title="bbox 382 1772 1957 1846">
     <span class='ocr_line' id='line_1_18' title="bbox 382 1772 1957 1846; baseline 0.001 -18"><span class='ocrx_word' id='word_1_135' title='bbox 382 1775 696 1846; x_wconf 67' lang='lat' dir='ltr'><strong>praebuerit,</strong></span> <span class='ocrx_word' id='word_1_136' title='bbox 730 1784 788 1829; x_wconf 93' lang='lat' dir='ltr'><strong>ut</strong></span> <span class='ocrx_word' id='word_1_137' title='bbox 811 1775 1007 1846; x_wconf 84' lang='lat' dir='ltr'><strong>dignus</strong></span> <span class='ocrx_word' id='word_1_138' title='bbox 1033 1773 1126 1829; x_wconf 89' lang='lat' dir='ltr'><strong>Dei</strong></span> <span class='ocrx_word' id='word_1_139' title='bbox 1157 1774 1229 1831; x_wconf 90' lang='lat' dir='ltr'><strong>sit</strong></span> <span class='ocrx_word' id='word_1_140' title='bbox 1253 1782 1495 1844; x_wconf 89' lang='lat' dir='ltr'><strong>aspectu.</strong></span> <span class='ocrx_word' id='word_1_141' title='bbox 1527 1772 1592 1827; x_wconf 85' lang='lat' dir='ltr'><strong>Et</strong></span> <span class='ocrx_word' id='word_1_142' title='bbox 1621 1774 1874 1844; x_wconf 86' lang='lat' dir='ltr'><strong>quamvis</strong></span> <span class='ocrx_word' id='word_1_143' title='bbox 1902 1773 1957 1829; x_wconf 90' lang='lat' dir='ltr'><strong>in</strong></span> 
     </span>
    </p>
   </div>
   <div class='ocr_carea' id='block_1_19' title="bbox 2049 582 2240 637">
    <p class='ocr_par' dir='ltr' id='par_1_19' title="bbox 2049 582 2240 637">
     <span class='ocr_line' id='line_1_19' title="bbox 2049 582 2240 637; baseline 0 -1"><span class='ocrx_word' id='word_1_144' title='bbox 2049 582 2240 637; x_wconf 82' lang='lat' dir='ltr'><strong>Amen.</strong></span> 
     </span>
    </p>
   </div>
   <div class='ocr_carea' id='block_1_20' title="bbox 2639 664 3040 723">
    <p class='ocr_par' dir='ltr' id='par_1_20' title="bbox 2639 664 3040 723">
     <span class='ocr_line' id='line_1_20' title="bbox 2639 664 3040 723; baseline -0.002 -2"><span class='ocrx_word' id='word_1_145' title='bbox 2639 666 2920 723; x_wconf 75' lang='lat' dir='ltr'><strong>llOMlLlA</strong></span> <span class='ocrx_word' id='word_1_146' title='bbox 2951 664 3040 721; x_wconf 72' lang='grc' dir='ltr'><strong>ιν.</strong></span> 
     </span>
    </p>
   </div>
   <div class='ocr_carea' id='block_1_21' title="bbox 2050 773 3625 854">
    <p class='ocr_par' dir='ltr' id='par_1_21' title="bbox 2050 773 3625 854">
     <span class='ocr_line' id='line_1_21' title="bbox 2050 773 3625 854; baseline -0.007 -14"><span class='ocrx_word' id='word_1_147' title='bbox 2050 784 2127 840; x_wconf 89' lang='lat' dir='ltr'><strong>De</strong></span> <span class='ocrx_word' id='word_1_148' title='bbox 2148 801 2208 839; x_wconf 87' lang='lat' dir='ltr'><strong>eo</strong></span> <span class='ocrx_word' id='word_1_149' title='bbox 2240 783 2380 854; x_wconf 88' lang='lat' dir='ltr'><strong>quod</strong></span> <span class='ocrx_word' id='word_1_150' title='bbox 2410 780 2665 854; x_wconf 82' lang='lat' dir='ltr'><strong>scriptum</strong></span> <span class='ocrx_word' id='word_1_151' title='bbox 2703 789 2780 833; x_wconf 86' lang='lat' dir='ltr'><strong>est</strong></span> <span class='ocrx_word' id='word_1_152' title='bbox 2805 793 2838 854; x_wconf 86' lang='lat'><strong>:_</strong></span> <span class='ocrx_word' id='word_1_153' title='bbox 2863 796 2881 829; x_wconf 88' lang='grc' dir='ltr'><strong>ι</strong></span> <span class='ocrx_word' id='word_1_154' title='bbox 2912 774 3004 854; x_wconf 85' lang='lat' dir='ltr'><strong>_Ne_</strong></span> <span class='ocrx_word' id='word_1_155' title='bbox 3031 777 3241 854; x_wconf 80' lang='lat' dir='ltr'><strong>timeas,</strong></span> <span class='ocrx_word' id='word_1_156' title='bbox 3270 773 3557 854; x_wconf 60' lang='lat' dir='ltr'><strong>lacum-in,</strong></span> <span class='ocrx_word' id='word_1_157' title='bbox 3600 797 3625 829; x_wconf 70' lang='grc' dir='ltr'><strong><em>ν</em></strong></span> 
     </span>
    </p>
   </div>
   <div class='ocr_carea' id='block_1_22' title="bbox 2123 845 3632 925">
    <p class='ocr_par' dir='ltr' id='par_1_22' title="bbox 2123 845 3632 925">
     <span class='ocr_line' id='line_1_22' title="bbox 2123 845 3632 925; baseline -0.005 -17"><span class='ocrx_word' id='word_1_158' title='bbox 2123 845 2283 925; x_wconf 72' lang='lat' dir='ltr'><strong>usque</strong></span> <span class='ocrx_word' id='word_1_159' title='bbox 2305 854 2374 905; x_wconf 86' lang='lat' dir='ltr'><strong>ad</strong></span> <span class='ocrx_word' id='word_1_160' title='bbox 2394 845 2838 925; x_wconf 54' lang='lat' dir='ltr'><strong>eum&#39;locumupi</strong></span> <span class='ocrx_word' id='word_1_161' title='bbox 2870 849 2945 901; x_wconf 94' lang='lat' dir='ltr'><strong>ait</strong></span> <span class='ocrx_word' id='word_1_162' title='bbox 2969 846 3033 925; x_wconf 70' lang='lat' dir='ltr'><strong>de</strong></span> <span class='ocrx_word' id='word_1_163' title='bbox 3069 845 3275 925; x_wconf 64' lang='lat' dir='ltr'><strong>Joanne</strong></span> <span class='ocrx_word' id='word_1_164' title='bbox 3306 861 3325 899; x_wconf 90' lang='lat'><strong><em>:</em></strong></span> <span class='ocrx_word' id='word_1_165' title='bbox 3361 865 3380 897; x_wconf 84' lang='grc' dir='ltr'><strong>ι</strong></span> <span class='ocrx_word' id='word_1_166' title='bbox 3418 846 3632 925; x_wconf 54' lang='lat' dir='ltr'><strong>Prtere—</strong></span> 
     </span>
    </p>
   </div>
   <div class='ocr_carea' id='block_1_23' title="bbox 2121 914 3622 990">
    <p class='ocr_par' dir='ltr' id='par_1_23' title="bbox 2121 914 3622 990">
     <span class='ocr_line' id='line_1_23' title="bbox 2121 914 3622 990; baseline -0.004 -13"><span class='ocrx_word' id='word_1_167' title='bbox 2121 914 2209 977; x_wconf 75' lang='lat' dir='ltr'><strong>dei</strong></span> <span class='ocrx_word' id='word_1_168' title='bbox 2232 939 2415 976; x_wconf 87' lang='lat' dir='ltr'><strong>coram</strong></span> <span class='ocrx_word' id='word_1_169' title='bbox 2447 923 2561 990; x_wconf 86' lang='lat' dir='ltr'><strong>ipso</strong></span> <span class='ocrx_word' id='word_1_170' title='bbox 2584 923 2635 974; x_wconf 88' lang='lat' dir='ltr'><strong>in</strong></span> <span class='ocrx_word' id='word_1_171' title='bbox 2659 919 2853 988; x_wconf 76' lang='lat' dir='ltr'><strong>spiritu</strong></span> <span class='ocrx_word' id='word_1_172' title='bbox 2877 927 2927 972; x_wconf 85' lang='lat' dir='ltr'><strong>et</strong></span> <span class='ocrx_word' id='word_1_173' title='bbox 2957 917 3148 971; x_wconf 82' lang='lat' dir='ltr'><strong>virtute</strong></span> <span class='ocrx_word' id='word_1_174' title='bbox 3182 914 3341 970; x_wconf 75' lang='lat' dir='ltr'><strong>Elite.</strong></span> <span class='ocrx_word' id='word_1_175' title='bbox 3373 934 3393 969; x_wconf 70' lang='grc' dir='ltr'><strong>ι</strong></span> <span class='ocrx_word' id='word_1_176' title='bbox 3413 916 3544 986; x_wconf 89' lang='lat' dir='ltr'><strong>Cap.</strong></span> <span class='ocrx_word' id='word_1_177' title='bbox 3583 934 3622 971; x_wconf 90' lang='grc' dir='ltr'>ι.</span> 
     </span>
    </p>
   </div>
   <div class='ocr_carea' id='block_1_24' title="bbox 2122 1027 3629 1105">
    <p class='ocr_par' dir='ltr' id='par_1_24' title="bbox 2122 1027 3629 1105">
     <span class='ocr_line' id='line_1_24' title="bbox 2122 1027 3629 1105; baseline -0.004 -14"><span class='ocrx_word' id='word_1_178' title='bbox 2122 1035 2440 1099; x_wconf 83' lang='lat' dir='ltr'><strong>Zacharias.</strong></span> <span class='ocrx_word' id='word_1_179' title='bbox 2466 1050 2591 1091; x_wconf 89' lang='lat' dir='ltr'><strong>cum</strong></span> <span class='ocrx_word' id='word_1_180' title='bbox 2626 1034 2879 1105; x_wconf 89' lang='lat' dir='ltr'><strong>angelum</strong></span> <span class='ocrx_word' id='word_1_181' title='bbox 2911 1030 3161 1095; x_wconf 86' lang='lat' dir='ltr'><strong>vidisset,</strong></span> <span class='ocrx_word' id='word_1_182' title='bbox 3197 1030 3436 1101; x_wconf 78' lang='lat' dir='ltr'><strong>expavit.</strong></span> <span class='ocrx_word' id='word_1_183' title='bbox 3479 1027 3629 1085; x_wconf 80' lang='lat' dir='ltr'><strong>Nova</strong></span> 
     </span>
    </p>
   </div>
   <div class='ocr_carea' id='block_1_25' title="bbox 2051 1119 3640 1202">
    <p class='ocr_par' dir='ltr' id='par_1_25' title="bbox 2051 1119 3640 1202">
     <span class='ocr_line' id='line_1_25' title="bbox 2051 1119 3640 1202; baseline -0.008 -18"><span class='ocrx_word' id='word_1_184' title='bbox 2051 1132 2254 1202; x_wconf 78' lang='lat' dir='ltr'><strong>quippe</strong></span> <span class='ocrx_word' id='word_1_185' title='bbox 2284 1127 2451 1183; x_wconf 82' lang='lat' dir='ltr'><strong>facies</strong></span> <span class='ocrx_word' id='word_1_186' title='bbox 2484 1124 2742 1181; x_wconf 88' lang='lat' dir='ltr'><strong>humanis</strong></span> <span class='ocrx_word' id='word_1_187' title='bbox 2767 1122 3050 1179; x_wconf 84' lang='lat' dir='ltr'><strong>obtutibus</strong></span> <span class='ocrx_word' id='word_1_188' title='bbox 3074 1136 3133 1178; x_wconf 92' lang='lat' dir='ltr'><strong>se</strong></span> <span class='ocrx_word' id='word_1_189' title='bbox 3155 1121 3411 1191; x_wconf 74' lang='lat' dir='ltr'><strong>praebens</strong></span> <span class='ocrx_word' id='word_1_190' title='bbox 3449 1119 3640 1174; x_wconf 65' lang='lat' dir='ltr'><strong>turbae</strong></span> 
     </span>
    </p>
   </div>
   <div class='ocr_carea' id='block_1_26' title="bbox 2054 1212 3639 1288">
    <p class='ocr_par' dir='ltr' id='par_1_26' title="bbox 2054 1212 3639 1288">
     <span class='ocr_line' id='line_1_26' title="bbox 2054 1212 3639 1288; baseline -0.006 -14"><span class='ocrx_word' id='word_1_191' title='bbox 2054 1229 2291 1275; x_wconf 87' lang='lat' dir='ltr'><strong>mentem</strong></span> <span class='ocrx_word' id='word_1_192' title='bbox 2336 1218 2693 1288; x_wconf 89' lang='lat' dir='ltr'><strong>animumque</strong></span> <span class='ocrx_word' id='word_1_193' title='bbox 2747 1223 3085 1274; x_wconf 75' lang='lat' dir='ltr'><strong>consternat.</strong></span> <span class='ocrx_word' id='word_1_194' title='bbox 3155 1212 3311 1269; x_wconf 80' lang='lat' dir='ltr'><strong>Unde</strong></span> <span class='ocrx_word' id='word_1_195' title='bbox 3357 1212 3583 1282; x_wconf 80' lang='lat' dir='ltr'><strong>angelus</strong></span> <span class='ocrx_word' id='word_1_196' title='bbox 3613 1250 3639 1274; x_wconf 72' lang='lat'><strong>.</strong></span> 
     </span>
    </p>
   </div>
   <div class='ocr_carea' id='block_1_27' title="bbox 2054 1302 3698 1376">
    <p class='ocr_par' dir='ltr' id='par_1_27' title="bbox 2054 1302 3698 1376">
     <span class='ocr_line' id='line_1_27' title="bbox 2054 1302 3698 1376; baseline -0.007 -8"><span class='ocrx_word' id='word_1_197' title='bbox 2054 1312 2238 1368; x_wconf 87' lang='lat' dir='ltr'><strong>sciens</strong></span> <span class='ocrx_word' id='word_1_198' title='bbox 2271 1310 2414 1365; x_wconf 89' lang='lat' dir='ltr'><strong>hanc</strong></span> <span class='ocrx_word' id='word_1_199' title='bbox 2438 1324 2561 1365; x_wconf 83' lang='lat' dir='ltr'><strong>esse</strong></span> <span class='ocrx_word' id='word_1_200' title='bbox 2591 1310 2888 1364; x_wconf 82' lang='lat' dir='ltr'><strong>humanam</strong></span> <span class='ocrx_word' id='word_1_201' title='bbox 2920 1315 3195 1372; x_wconf 89' lang='lat' dir='ltr'><strong>naturam,</strong></span> <span class='ocrx_word' id='word_1_202' title='bbox 3224 1305 3460 1376; x_wconf 89' lang='lat' dir='ltr'><strong>primum</strong></span> <span class='ocrx_word' id='word_1_203' title='bbox 3507 1319 3638 1373; x_wconf 86' lang='lat' dir='ltr'><strong>per-</strong></span> <span class='ocrx_word' id='word_1_204' title='bbox 3688 1302 3698 1310; x_wconf 64' lang='lat'>‘</span> 
     </span>
    </p>
   </div>
   <div class='ocr_carea' id='block_1_28' title="bbox 2055 1395 3642 1462">
    <p class='ocr_par' dir='ltr' id='par_1_28' title="bbox 2055 1395 3642 1462">
     <span class='ocr_line' id='line_1_28' title="bbox 2055 1395 3642 1462; baseline -0.008 -2"><span class='ocrx_word' id='word_1_205' title='bbox 2055 1402 2353 1460; x_wconf 86' lang='lat' dir='ltr'><strong>turbationi</strong></span> <span class='ocrx_word' id='word_1_206' title='bbox 2387 1400 2638 1456; x_wconf 85' lang='lat' dir='ltr'><strong>medetur</strong></span> <span class='ocrx_word' id='word_1_207' title='bbox 2672 1399 2861 1455; x_wconf 89' lang='lat' dir='ltr'><strong>dicens</strong></span> <span class='ocrx_word' id='word_1_208' title='bbox 2895 1414 2909 1451; x_wconf 90' lang='lat'><strong>:</strong></span> <span class='ocrx_word' id='word_1_209' title='bbox 2947 1396 3073 1452; x_wconf 84' lang='lat' dir='ltr'><strong>Noli</strong></span> <span class='ocrx_word' id='word_1_210' title='bbox 3098 1399 3297 1462; x_wconf 84' lang='lat' dir='ltr'><strong>timere,</strong></span> <span class='ocrx_word' id='word_1_211' title='bbox 3326 1395 3592 1450; x_wconf 81' lang='lat' dir='ltr'><strong>Zacharia</strong></span> <span class='ocrx_word' id='word_1_212' title='bbox 3615 1409 3642 1447; x_wconf 75' lang='grc' dir='ltr'><em>τ</em></span> 
     </span>
    </p>
   </div>
   <div class='ocr_carea' id='block_1_29' title="bbox 2054 1487 3649 1564">
    <p class='ocr_par' dir='ltr' id='par_1_29' title="bbox 2054 1487 3649 1564">
     <span class='ocr_line' id='line_1_29' title="bbox 2054 1487 3649 1564; baseline -0.009 -11"><span class='ocrx_word' id='word_1_213' title='bbox 2054 1505 2109 1553; x_wconf 88' lang='lat' dir='ltr'><strong>et</strong></span> <span class='ocrx_word' id='word_1_214' title='bbox 2133 1493 2497 1564; x_wconf 86' lang='lat' dir='ltr'><strong>trepidantem</strong></span> <span class='ocrx_word' id='word_1_215' title='bbox 2527 1489 2795 1546; x_wconf 79' lang='lat' dir='ltr'><strong>refecillat</strong></span> <span class='ocrx_word' id='word_1_216' title='bbox 2820 1529 2836 1552; x_wconf 92' lang='lat'><strong>,</strong></span> <span class='ocrx_word' id='word_1_217' title='bbox 2881 1505 3134 1559; x_wconf 91' lang='lat' dir='ltr'><strong>novoque</strong></span> <span class='ocrx_word' id='word_1_218' title='bbox 3177 1488 3414 1544; x_wconf 70' lang='lat' dir='ltr'><strong>laetiﬁcat</strong></span> <span class='ocrx_word' id='word_1_219' title='bbox 3442 1487 3649 1540; x_wconf 73' lang='lat' dir='ltr'><strong>nuntio</strong></span> 
     </span>
    </p>
   </div>
   <div class='ocr_carea' id='block_1_30' title="bbox 2058 1576 3638 1648">
    <p class='ocr_par' dir='ltr' id='par_1_30' title="bbox 2058 1576 3638 1648">
     <span class='ocr_line' id='line_1_30' title="bbox 2058 1576 3638 1648; baseline -0.006 -5"><span class='ocrx_word' id='word_1_220' title='bbox 2058 1585 2299 1643; x_wconf 78' lang='lat' dir='ltr'><strong>inferens</strong></span> <span class='ocrx_word' id='word_1_221' title='bbox 2325 1600 2341 1637; x_wconf 91' lang='lat'><strong>:</strong></span> <span class='ocrx_word' id='word_1_222' title='bbox 2381 1583 2657 1638; x_wconf 67' lang='lat' dir='ltr'><strong>Ezaudita</strong></span> <span class='ocrx_word' id='word_1_223' title='bbox 2686 1591 2763 1637; x_wconf 85' lang='lat' dir='ltr'><strong>est</strong></span> <span class='ocrx_word' id='word_1_224' title='bbox 2787 1582 2962 1636; x_wconf 81' lang='lat' dir='ltr'><strong>oratio</strong></span> <span class='ocrx_word' id='word_1_225' title='bbox 2994 1590 3107 1648; x_wconf 83' lang='lat' dir='ltr'><strong>tua,</strong></span> <span class='ocrx_word' id='word_1_226' title='bbox 3133 1589 3181 1635; x_wconf 87' lang='lat' dir='ltr'><strong>et</strong></span> <span class='ocrx_word' id='word_1_227' title='bbox 3220 1595 3356 1634; x_wconf 81' lang='lat' dir='ltr'><strong>uxor</strong></span> <span class='ocrx_word' id='word_1_228' title='bbox 3397 1590 3491 1635; x_wconf 88' lang='lat' dir='ltr'><strong>tua</strong></span> <span class='ocrx_word' id='word_1_229' title='bbox 3515 1576 3638 1633; x_wconf 67' lang='grc' dir='ltr'>[ιιι.</span> 
     </span>
    </p>
   </div>
   <div class='ocr_carea' id='block_1_31' title="bbox 2060 1669 3640 1747">
    <p class='ocr_par' dir='ltr' id='par_1_31' title="bbox 2060 1669 3640 1747">
     <span class='ocr_line' id='line_1_31' title="bbox 2060 1669 3640 1747; baseline -0.006 -14"><span class='ocrx_word' id='word_1_230' title='bbox 2060 1679 2243 1734; x_wconf 79' lang='lat' dir='ltr'><strong>sabeth</strong></span> <span class='ocrx_word' id='word_1_231' title='bbox 2281 1678 2449 1747; x_wconf 86' lang='lat' dir='ltr'><strong>pariet</strong></span> <span class='ocrx_word' id='word_1_232' title='bbox 2482 1675 2675 1745; x_wconf 80' lang='lat' dir='ltr'><strong>ﬁlium,</strong></span> <span class='ocrx_word' id='word_1_233' title='bbox 2698 1683 2749 1728; x_wconf 89' lang='lat' dir='ltr'><strong>et</strong></span> <span class='ocrx_word' id='word_1_234' title='bbox 2777 1672 3202 1728; x_wconf 80' lang='lat' dir='ltr'><strong>vocabis-nomen</strong></span> <span class='ocrx_word' id='word_1_235' title='bbox 3224 1672 3338 1742; x_wconf 86' lang='lat' dir='ltr'><strong>ejus</strong></span> <span class='ocrx_word' id='word_1_236' title='bbox 3353 1669 3640 1732; x_wconf 54' lang='lat' dir='ltr'><strong>Joannem,</strong></span> 
     </span>
    </p>
   </div>
   <div class='ocr_carea' id='block_1_32' title="bbox 2059 1762 3649 1838">
    <p class='ocr_par' dir='ltr' id='par_1_32' title="bbox 2059 1762 3649 1838">
     <span class='ocr_line' id='line_1_32' title="bbox 2059 1762 3649 1838; baseline -0.005 -11"><span class='ocrx_word' id='word_1_237' title='bbox 2059 1782 2107 1827; x_wconf 87' lang='lat' dir='ltr'><strong>et</strong></span> <span class='ocrx_word' id='word_1_238' title='bbox 2155 1770 2256 1825; x_wconf 87' lang='lat' dir='ltr'><strong>erit</strong></span> <span class='ocrx_word' id='word_1_239' title='bbox 2300 1768 2395 1822; x_wconf 84' lang='lat' dir='ltr'><strong>tibi</strong></span> <span class='ocrx_word' id='word_1_240' title='bbox 2449 1767 2707 1838; x_wconf 81' lang='lat' dir='ltr'><strong>gaudium</strong></span> <span class='ocrx_word' id='word_1_241' title='bbox 2754 1774 2805 1820; x_wconf 87' lang='lat' dir='ltr'><strong>et</strong></span> <span class='ocrx_word' id='word_1_242' title='bbox 2848 1764 3157 1819; x_wconf 65' lang='lat' dir='ltr'><strong>exsultatio.</strong></span> <span class='ocrx_word' id='word_1_243' title='bbox 3204 1762 3434 1831; x_wconf 85' lang='lat' dir='ltr'><strong>Quando</strong></span> <span class='ocrx_word' id='word_1_244' title='bbox 3456 1764 3649 1834; x_wconf 78' lang='lat' dir='ltr'><strong>justh</strong></span> 
     </span>
    </p>
   </div>
   <div class='ocr_carea' id='block_1_33' title="bbox 381 1854 3646 1934">
    <p class='ocr_par' dir='ltr' id='par_1_33' title="bbox 381 1854 3646 1934">
     <span class='ocr_line' id='line_1_33' title="bbox 381 1854 3646 1934; baseline -0.003 -16"><span class='ocrx_word' id='word_1_245' title='bbox 381 1863 573 1918; x_wconf 88' lang='lat' dir='ltr'><strong>eodem</strong></span> <span class='ocrx_word' id='word_1_246' title='bbox 592 1863 714 1919; x_wconf 80' lang='lat' dir='ltr'><strong>loco</strong></span> <span class='ocrx_word' id='word_1_247' title='bbox 741 1864 832 1929; x_wconf 87' lang='lat' dir='ltr'><strong>sit,</strong></span> <span class='ocrx_word' id='word_1_248' title='bbox 861 1862 955 1934; x_wconf 89' lang='lat' dir='ltr'><strong>qui</strong></span> <span class='ocrx_word' id='word_1_249' title='bbox 979 1864 1184 1919; x_wconf 91' lang='lat' dir='ltr'><strong>mundo</strong></span> <span class='ocrx_word' id='word_1_250' title='bbox 1205 1863 1369 1919; x_wconf 90' lang='lat' dir='ltr'><strong>corde</strong></span> <span class='ocrx_word' id='word_1_251' title='bbox 1395 1872 1498 1929; x_wconf 89' lang='lat' dir='ltr'><strong>est,</strong></span> <span class='ocrx_word' id='word_1_252' title='bbox 1522 1872 1576 1918; x_wconf 93' lang='lat' dir='ltr'><strong>et</strong></span> <span class='ocrx_word' id='word_1_253' title='bbox 1597 1862 1644 1918; x_wconf 88' lang='lat' dir='ltr'><strong>is</strong></span> <span class='ocrx_word' id='word_1_254' title='bbox 1664 1865 1757 1933; x_wconf 86' lang='lat' dir='ltr'><strong>qui</strong></span> <span class='ocrx_word' id='word_1_255' title='bbox 1783 1863 1962 1919; x_wconf 89' lang='lat' dir='ltr'><strong>adhuc</strong></span> <span class='ocrx_word' id='word_1_256' title='bbox 1992 1860 2035 1916; x_wconf 87' lang='grc' dir='ltr'><strong>Β</strong></span> <span class='ocrx_word' id='word_1_257' title='bbox 2062 1861 2186 1933; x_wconf 90' lang='lat' dir='ltr'><strong>quis</strong></span> <span class='ocrx_word' id='word_1_258' title='bbox 2215 1859 2391 1915; x_wconf 87' lang='lat' dir='ltr'><strong>oritur</strong></span> <span class='ocrx_word' id='word_1_259' title='bbox 2425 1857 2651 1923; x_wconf 90' lang='lat' dir='ltr'><strong>mundo,</strong></span> <span class='ocrx_word' id='word_1_260' title='bbox 2687 1864 2742 1910; x_wconf 90' lang='lat' dir='ltr'><strong>et</strong></span> <span class='ocrx_word' id='word_1_261' title='bbox 2770 1856 3007 1911; x_wconf 91' lang='lat' dir='ltr'><strong>stadium</strong></span> <span class='ocrx_word' id='word_1_262' title='bbox 3043 1855 3205 1925; x_wconf 81' lang='lat' dir='ltr'><strong>huius</strong></span> <span class='ocrx_word' id='word_1_263' title='bbox 3248 1855 3373 1910; x_wconf 65' lang='lat' dir='ltr'><strong>vita:</strong></span> <span class='ocrx_word' id='word_1_264' title='bbox 3407 1854 3646 1925; x_wconf 68' lang='lat' dir='ltr'><strong>ingredia-</strong></span> 
     </span>
    </p>
   </div>
   <div class='ocr_carea' id='block_1_34' title="bbox 382 1952 1958 2024">
    <p class='ocr_par' dir='ltr' id='par_1_34' title="bbox 382 1952 1958 2024">
     <span class='ocr_line' id='line_1_34' title="bbox 382 1952 1958 2024; baseline 0.001 -16"><span class='ocrx_word' id='word_1_265' title='bbox 382 1953 566 2023; x_wconf 85' lang='lat' dir='ltr'><strong>aliqua</strong></span> <span class='ocrx_word' id='word_1_266' title='bbox 606 1954 767 2009; x_wconf 82' lang='lat' dir='ltr'><strong>sorde</strong></span> <span class='ocrx_word' id='word_1_267' title='bbox 811 1955 1187 2024; x_wconf 81' lang='lat' dir='ltr'><strong>respergitur,</strong></span> <span class='ocrx_word' id='word_1_268' title='bbox 1225 1968 1370 2009; x_wconf 88' lang='lat' dir='ltr'><strong>unus</strong></span> <span class='ocrx_word' id='word_1_269' title='bbox 1424 1952 1575 2009; x_wconf 90' lang='lat' dir='ltr'><strong>locus</strong></span> <span class='ocrx_word' id='word_1_270' title='bbox 1612 1968 1711 2008; x_wconf 87' lang='lat' dir='ltr'><strong>nec</strong></span> <span class='ocrx_word' id='word_1_271' title='bbox 1760 1967 1958 2009; x_wconf 90' lang='lat' dir='ltr'><strong>nocere</strong></span> 
     </span>
    </p>
   </div>
   <div class='ocr_carea' id='block_1_35' title="bbox 380 2043 1957 2116">
    <p class='ocr_par' dir='ltr' id='par_1_35' title="bbox 380 2043 1957 2116">
     <span class='ocr_line' id='line_1_35' title="bbox 380 2043 1957 2116; baseline 0.001 -17"><span class='ocrx_word' id='word_1_272' title='bbox 380 2044 695 2115; x_wconf 85' lang='lat' dir='ltr'><strong>quempiam</strong></span> <span class='ocrx_word' id='word_1_273' title='bbox 725 2044 957 2114; x_wconf 88' lang='lat' dir='ltr'><strong>poterit,</strong></span> <span class='ocrx_word' id='word_1_274' title='bbox 984 2060 1084 2100; x_wconf 86' lang='lat' dir='ltr'><strong>nec</strong></span> <span class='ocrx_word' id='word_1_275' title='bbox 1101 2044 1292 2115; x_wconf 77' lang='lat' dir='ltr'><strong>iuvare</strong></span> <span class='ocrx_word' id='word_1_276' title='bbox 1323 2060 1339 2098; x_wconf 89' lang='lat'><strong>:</strong></span> <span class='ocrx_word' id='word_1_277' title='bbox 1392 2046 1519 2116; x_wconf 87' lang='lat' dir='ltr'><strong>quia</strong></span> <span class='ocrx_word' id='word_1_278' title='bbox 1559 2043 1652 2115; x_wconf 91' lang='lat' dir='ltr'><strong>qui</strong></span> <span class='ocrx_word' id='word_1_279' title='bbox 1697 2045 1957 2101; x_wconf 88' lang='lat' dir='ltr'><strong>mundum</strong></span> 
     </span>
    </p>
   </div>
   <div class='ocr_carea' id='block_1_36' title="bbox 382 2133 1958 2205">
    <p class='ocr_par' dir='ltr' id='par_1_36' title="bbox 382 2133 1958 2205">
     <span class='ocr_line' id='line_1_36' title="bbox 382 2133 1958 2205; baseline -0.001 -16"><span class='ocrx_word' id='word_1_280' title='bbox 382 2149 482 2189; x_wconf 84' lang='lat' dir='ltr'><strong>cor</strong></span> <span class='ocrx_word' id='word_1_281' title='bbox 512 2134 785 2201; x_wconf 87' lang='lat' dir='ltr'><strong>habuerit,</strong></span> <span class='ocrx_word' id='word_1_282' title='bbox 817 2133 984 2189; x_wconf 91' lang='lat' dir='ltr'><strong>Deum</strong></span> <span class='ocrx_word' id='word_1_283' title='bbox 1012 2134 1237 2201; x_wconf 83' lang='lat' dir='ltr'><strong>videbit,</strong></span> <span class='ocrx_word' id='word_1_284' title='bbox 1268 2134 1362 2205; x_wconf 90' lang='lat' dir='ltr'><strong>qui</strong></span> <span class='ocrx_word' id='word_1_285' title='bbox 1387 2145 1568 2191; x_wconf 88' lang='lat' dir='ltr'><strong>autem</strong></span> <span class='ocrx_word' id='word_1_286' title='bbox 1610 2135 1734 2190; x_wconf 92' lang='lat' dir='ltr'><strong>talis</strong></span> <span class='ocrx_word' id='word_1_287' title='bbox 1774 2135 1958 2200; x_wconf 81' lang='lat' dir='ltr'><strong>fuerit,</strong></span> 
     </span>
    </p>
   </div>
   <div class='ocr_carea' id='block_1_37' title="bbox 386 2224 1960 2297">
    <p class='ocr_par' dir='ltr' id='par_1_37' title="bbox 386 2224 1960 2297">
     <span class='ocr_line' id='line_1_37' title="bbox 386 2224 1960 2297; baseline -0.001 -16"><span class='ocrx_word' id='word_1_288' title='bbox 386 2225 439 2281; x_wconf 89' lang='lat' dir='ltr'><strong>id</strong></span> <span class='ocrx_word' id='word_1_289' title='bbox 471 2225 617 2295; x_wconf 90' lang='lat' dir='ltr'><strong>quod</strong></span> <span class='ocrx_word' id='word_1_290' title='bbox 655 2225 745 2279; x_wconf 90' lang='lat' dir='ltr'><strong>alii</strong></span> <span class='ocrx_word' id='word_1_291' title='bbox 774 2233 1025 2289; x_wconf 87' lang='lat' dir='ltr'><strong>cernunt,</strong></span> <span class='ocrx_word' id='word_1_292' title='bbox 1053 2224 1219 2297; x_wconf 72' lang='lat'><strong>936</strong></span> <span class='ocrx_word' id='word_1_293' title='bbox 1251 2240 1360 2280; x_wconf 90' lang='lat' dir='ltr'><strong>non</strong></span> <span class='ocrx_word' id='word_1_294' title='bbox 1387 2225 1608 2281; x_wconf 86' lang='lat' dir='ltr'><strong>videbit.</strong></span> <span class='ocrx_word' id='word_1_295' title='bbox 1655 2225 1787 2282; x_wconf 86' lang='lat' dir='ltr'><strong>Tale</strong></span> <span class='ocrx_word' id='word_1_296' title='bbox 1828 2226 1960 2297; x_wconf 91' lang='lat' dir='ltr'><strong>quid</strong></span> 
     </span>
    </p>
   </div>
   <div class='ocr_carea' id='block_1_38' title="bbox 386 2316 1961 2388">
    <p class='ocr_par' dir='ltr' id='par_1_38' title="bbox 386 2316 1961 2388">
     <span class='ocr_line' id='line_1_38' title="bbox 386 2316 1961 2388; baseline -0.001 -15"><span class='ocrx_word' id='word_1_297' title='bbox 386 2317 519 2373; x_wconf 91' lang='lat' dir='ltr'><strong>mihi</strong></span> <span class='ocrx_word' id='word_1_298' title='bbox 559 2316 965 2386; x_wconf 85' lang='lat' dir='ltr'><strong>intelligendum</strong></span> <span class='ocrx_word' id='word_1_299' title='bbox 996 2325 1050 2372; x_wconf 89' lang='lat' dir='ltr'><strong>et</strong></span> <span class='ocrx_word' id='word_1_300' title='bbox 1079 2317 1147 2372; x_wconf 91' lang='lat' dir='ltr'><strong>de</strong></span> <span class='ocrx_word' id='word_1_301' title='bbox 1176 2316 1397 2373; x_wconf 89' lang='lat' dir='ltr'><strong>Christo</strong></span> <span class='ocrx_word' id='word_1_302' title='bbox 1418 2358 1434 2384; x_wconf 95' lang='lat'><strong>,</strong></span> <span class='ocrx_word' id='word_1_303' title='bbox 1463 2317 1555 2387; x_wconf 90' lang='lat' dir='ltr'><strong>qui</strong></span> <span class='ocrx_word' id='word_1_304' title='bbox 1602 2318 1877 2388; x_wconf 87' lang='lat' dir='ltr'><strong>quondam</strong></span> <span class='ocrx_word' id='word_1_305' title='bbox 1906 2317 1961 2372; x_wconf 89' lang='lat' dir='ltr'><strong>in</strong></span> 
     </span>
    </p>
   </div>
   <div class='ocr_carea' id='block_1_39' title="bbox 384 2408 1962 2482">
    <p class='ocr_par' dir='ltr' id='par_1_39' title="bbox 384 2408 1962 2482">
     <span class='ocr_line' id='line_1_39' title="bbox 384 2408 1962 2482; baseline 0.001 -18"><span class='ocrx_word' id='word_1_306' title='bbox 384 2423 613 2478; x_wconf 83' lang='lat' dir='ltr'><strong>corpore</strong></span> <span class='ocrx_word' id='word_1_307' title='bbox 635 2408 935 2474; x_wconf 85' lang='lat' dir='ltr'><strong>videbatur,</strong></span> <span class='ocrx_word' id='word_1_308' title='bbox 965 2408 1111 2478; x_wconf 89' lang='lat' dir='ltr'><strong>quod</strong></span> <span class='ocrx_word' id='word_1_309' title='bbox 1134 2424 1243 2465; x_wconf 88' lang='lat' dir='ltr'><strong>non</strong></span> <span class='ocrx_word' id='word_1_310' title='bbox 1273 2409 1587 2482; x_wconf 88' lang='lat' dir='ltr'><strong>quicunque</strong></span> <span class='ocrx_word' id='word_1_311' title='bbox 1636 2424 1761 2464; x_wconf 90' lang='lat' dir='ltr'><strong>eum</strong></span> <span class='ocrx_word' id='word_1_312' title='bbox 1809 2408 1962 2465; x_wconf 90' lang='lat' dir='ltr'><strong>vide-</strong></span> 
     </span>
    </p>
   </div>
   <div class='ocr_carea' id='block_1_40' title="bbox 387 2488 1962 2572">
    <p class='ocr_par' dir='ltr' id='par_1_40' title="bbox 387 2488 1962 2572">
     <span class='ocr_line' id='line_1_40' title="bbox 387 2488 1962 2572; baseline 0 -17"><span class='ocrx_word' id='word_1_313' title='bbox 387 2501 563 2564; x_wconf 90' lang='lat' dir='ltr'><strong>bant,</strong></span> <span class='ocrx_word' id='word_1_314' title='bbox 620 2509 875 2570; x_wconf 90' lang='lat' dir='ltr'><strong>poterant</strong></span> <span class='ocrx_word' id='word_1_315' title='bbox 925 2498 1129 2555; x_wconf 90' lang='lat' dir='ltr'><strong>videre.</strong></span> <span class='ocrx_word' id='word_1_316' title='bbox 1171 2488 1438 2557; x_wconf 68' lang='lat' dir='ltr'><strong>Videbam</strong></span> <span class='ocrx_word' id='word_1_317' title='bbox 1493 2500 1693 2572; x_wconf 85' lang='lat' dir='ltr'><strong>quippe</strong></span> <span class='ocrx_word' id='word_1_318' title='bbox 1751 2510 1962 2556; x_wconf 88' lang='lat' dir='ltr'><strong>tantum</strong></span> 
     </span>
    </p>
   </div>
   <div class='ocr_carea' id='block_1_41' title="bbox 385 2592 1966 2664">
    <p class='ocr_par' dir='ltr' id='par_1_41' title="bbox 385 2592 1966 2664">
     <span class='ocr_line' id='line_1_41' title="bbox 385 2592 1966 2664; baseline 0.001 -16"><span class='ocrx_word' id='word_1_319' title='bbox 385 2607 590 2662; x_wconf 78' lang='lat' dir='ltr'><strong>corpus</strong></span> <span class='ocrx_word' id='word_1_320' title='bbox 632 2592 818 2646; x_wconf 85' lang='lat' dir='ltr'><strong>illius:</strong></span> <span class='ocrx_word' id='word_1_321' title='bbox 858 2592 1155 2647; x_wconf 83' lang='lat' dir='ltr'><strong>secundum</strong></span> <span class='ocrx_word' id='word_1_322' title='bbox 1196 2607 1325 2650; x_wconf 86' lang='lat' dir='ltr'><strong>vero</strong></span> <span class='ocrx_word' id='word_1_323' title='bbox 1372 2593 1475 2649; x_wconf 89' lang='lat' dir='ltr'><strong>hoc</strong></span> <span class='ocrx_word' id='word_1_324' title='bbox 1513 2593 1661 2664; x_wconf 90' lang='lat' dir='ltr'><strong>quod</strong></span> <span class='ocrx_word' id='word_1_325' title='bbox 1711 2593 1966 2650; x_wconf 87' lang='lat' dir='ltr'><strong>Christus</strong></span> 
     </span>
    </p>
   </div>
   <div class='ocr_carea' id='block_1_42' title="bbox 386 2680 1967 2755">
    <p class='ocr_par' dir='ltr' id='par_1_42' title="bbox 386 2680 1967 2755">
     <span class='ocr_line' id='line_1_42' title="bbox 386 2680 1967 2755; baseline 0.001 -17"><span class='ocrx_word' id='word_1_326' title='bbox 386 2691 528 2746; x_wconf 87' lang='lat' dir='ltr'><strong>erat,</strong></span> <span class='ocrx_word' id='word_1_327' title='bbox 559 2697 684 2737; x_wconf 90' lang='lat' dir='ltr'><strong>eum</strong></span> <span class='ocrx_word' id='word_1_328' title='bbox 717 2680 900 2736; x_wconf 89' lang='lat' dir='ltr'><strong>videre</strong></span> <span class='ocrx_word' id='word_1_329' title='bbox 929 2697 1037 2736; x_wconf 88' lang='lat' dir='ltr'><strong>non</strong></span> <span class='ocrx_word' id='word_1_330' title='bbox 1066 2692 1334 2752; x_wconf 87' lang='lat' dir='ltr'><strong>poterant.</strong></span> <span class='ocrx_word' id='word_1_331' title='bbox 1362 2681 1536 2739; x_wconf 87' lang='lat' dir='ltr'><strong>Porro</strong></span> <span class='ocrx_word' id='word_1_332' title='bbox 1564 2683 1818 2755; x_wconf 90' lang='lat' dir='ltr'><strong>discipuli</strong></span> <span class='ocrx_word' id='word_1_333' title='bbox 1840 2698 1967 2739; x_wconf 87' lang='lat' dir='ltr'><strong>eum</strong></span> 
     </span>
    </p>
   </div>
   <div class='ocr_carea' id='block_1_43' title="bbox 388 2772 1971 2844">
    <p class='ocr_par' dir='ltr' id='par_1_43' title="bbox 388 2772 1971 2844">
     <span class='ocr_line' id='line_1_43' title="bbox 388 2772 1971 2844; baseline 0.002 -16"><span class='ocrx_word' id='word_1_334' title='bbox 388 2773 666 2839; x_wconf 84' lang='lat' dir='ltr'><strong>videbant,</strong></span> <span class='ocrx_word' id='word_1_335' title='bbox 694 2782 749 2828; x_wconf 91' lang='lat' dir='ltr'><strong>et</strong></span> <span class='ocrx_word' id='word_1_336' title='bbox 777 2772 1208 2844; x_wconf 78' lang='lat' dir='ltr'><strong>magnitudinem</strong></span> <span class='ocrx_word' id='word_1_337' title='bbox 1231 2773 1530 2831; x_wconf 88' lang='lat' dir='ltr'><strong>divinitatis</strong></span> <span class='ocrx_word' id='word_1_338' title='bbox 1557 2775 1701 2831; x_wconf 90' lang='lat' dir='ltr'><strong>illius</strong></span> <span class='ocrx_word' id='word_1_339' title='bbox 1727 2785 1971 2832; x_wconf 90' lang='lat' dir='ltr'><strong>contem-</strong></span> 
     </span>
    </p>
   </div>
   <div class='ocr_carea' id='block_1_44' title="bbox 390 2862 1972 2937">
    <p class='ocr_par' dir='ltr' id='par_1_44' title="bbox 390 2862 1972 2937">
     <span class='ocr_line' id='line_1_44' title="bbox 390 2862 1972 2937; baseline 0.003 -19"><span class='ocrx_word' id='word_1_340' title='bbox 390 2863 702 2935; x_wconf 87' lang='lat' dir='ltr'><strong>plabantur.</strong></span> <span class='ocrx_word' id='word_1_341' title='bbox 739 2862 967 2934; x_wconf 83' lang='lat' dir='ltr'><strong>Propter</strong></span> <span class='ocrx_word' id='word_1_342' title='bbox 990 2864 1136 2935; x_wconf 91' lang='lat' dir='ltr'><strong>quod</strong></span> <span class='ocrx_word' id='word_1_343' title='bbox 1162 2876 1294 2935; x_wconf 92' lang='lat' dir='ltr'><strong>puto</strong></span> <span class='ocrx_word' id='word_1_344' title='bbox 1316 2874 1371 2921; x_wconf 91' lang='lat' dir='ltr'><strong>et</strong></span> <span class='ocrx_word' id='word_1_345' title='bbox 1401 2866 1469 2921; x_wconf 89' lang='lat' dir='ltr'><strong>ad</strong></span> <span class='ocrx_word' id='word_1_346' title='bbox 1512 2864 1822 2937; x_wconf 83' lang='lat' dir='ltr'><strong>Philippum</strong></span> <span class='ocrx_word' id='word_1_347' title='bbox 1876 2868 1972 2923; x_wconf 85' lang='lat' dir='ltr'><strong>de-</strong></span> 
     </span>
    </p>
   </div>
   <div class='ocr_carea' id='block_1_45' title="bbox 390 2957 1971 3028">
    <p class='ocr_par' dir='ltr' id='par_1_45' title="bbox 390 2957 1971 3028">
     <span class='ocr_line' id='line_1_45' title="bbox 390 2957 1971 3028; baseline 0.004 -20"><span class='ocrx_word' id='word_1_348' title='bbox 390 2966 707 3027; x_wconf 85' lang='lat' dir='ltr'><strong>precantem</strong></span> <span class='ocrx_word' id='word_1_349' title='bbox 733 2965 897 3028; x_wconf 86' lang='lat' dir='ltr'><strong>atque</strong></span> <span class='ocrx_word' id='word_1_350' title='bbox 923 2957 1237 3013; x_wconf 84' lang='lat' dir='ltr'><strong>dicentem:</strong></span> <span class='ocrx_word' id='word_1_351' title='bbox 1272 2957 1499 3014; x_wconf 85' lang='lat' dir='ltr'><strong>Ostende</strong></span> <span class='ocrx_word' id='word_1_352' title='bbox 1540 2960 1689 3015; x_wconf 84' lang='lat' dir='ltr'><strong>nobis</strong></span> <span class='ocrx_word' id='word_1_353' title='bbox 1730 2958 1971 3025; x_wconf 80' lang='lat' dir='ltr'><strong>Patrem,</strong></span> 
     </span>
    </p>
   </div>
   <div class='ocr_carea' id='block_1_46' title="bbox 390 3049 1976 3121">
    <p class='ocr_par' dir='ltr' id='par_1_46' title="bbox 390 3049 1976 3121">
     <span class='ocr_line' id='line_1_46' title="bbox 390 3049 1976 3121; baseline 0.003 -16"><span class='ocrx_word' id='word_1_354' title='bbox 390 3062 441 3105; x_wconf 86' lang='lat' dir='ltr'><strong>et</strong></span> <span class='ocrx_word' id='word_1_355' title='bbox 496 3051 684 3119; x_wconf 67' lang='lat' dir='ltr'><strong>sumcit</strong></span> <span class='ocrx_word' id='word_1_356' title='bbox 728 3049 911 3117; x_wconf 88' lang='lat' dir='ltr'><strong>nobis,</strong></span> <span class='ocrx_word' id='word_1_357' title='bbox 967 3051 1315 3121; x_wconf 86' lang='lat' dir='ltr'><strong>respondisse</strong></span> <span class='ocrx_word' id='word_1_358' title='bbox 1367 3052 1749 3109; x_wconf 89' lang='lat' dir='ltr'><strong>Salvatorem:</strong></span> <span class='ocrx_word' id='word_1_359' title='bbox 1804 3054 1976 3109; x_wconf 82' lang='lat' dir='ltr'><strong>Tanto</strong></span> 
     </span>
    </p>
   </div>
   <div class='ocr_carea' id='block_1_47' title="bbox 394 3141 1971 3215">
    <p class='ocr_par' dir='ltr' id='par_1_47' title="bbox 394 3141 1971 3215">
     <span class='ocr_line' id='line_1_47' title="bbox 394 3141 1971 3215; baseline 0.003 -20"><span class='ocrx_word' id='word_1_360' title='bbox 394 3150 626 3210; x_wconf 80' lang='lat' dir='ltr'><strong>tempore</strong></span> <span class='ocrx_word' id='word_1_361' title='bbox 645 3141 910 3194; x_wconf 83' lang='lat' dir='ltr'><strong>vobiscum</strong></span> <span class='ocrx_word' id='word_1_362' title='bbox 940 3157 1081 3208; x_wconf 88' lang='lat' dir='ltr'><strong>sum,</strong></span> <span class='ocrx_word' id='word_1_363' title='bbox 1113 3149 1166 3196; x_wconf 86' lang='lat' dir='ltr'><strong>et</strong></span> <span class='ocrx_word' id='word_1_364' title='bbox 1194 3158 1296 3196; x_wconf 87' lang='lat' dir='ltr'><strong>non</strong></span> <span class='ocrx_word' id='word_1_365' title='bbox 1327 3145 1640 3215; x_wconf 83' lang='lat' dir='ltr'><strong>cognovistis</strong></span> <span class='ocrx_word' id='word_1_366' title='bbox 1679 3146 1799 3199; x_wconf 79' lang='lat' dir='ltr'><strong>me?</strong></span> <span class='ocrx_word' id='word_1_367' title='bbox 1836 3144 1971 3200; x_wconf 78' lang='lat' dir='ltr'><strong>Plii-</strong></span> 
     </span>
    </p>
   </div>
   <div class='ocr_carea' id='block_1_48' title="bbox 392 3229 1971 3303">
    <p class='ocr_par' dir='ltr' id='par_1_48' title="bbox 392 3229 1971 3303">
     <span class='ocr_line' id='line_1_48' title="bbox 392 3229 1971 3303; baseline 0.004 -21"><span class='ocrx_word' id='word_1_368' title='bbox 392 3229 553 3299; x_wconf 83' lang='lat' dir='ltr'><strong>tippe,</strong></span> <span class='ocrx_word' id='word_1_369' title='bbox 581 3229 671 3299; x_wconf 86' lang='lat' dir='ltr'><strong>qui</strong></span> <span class='ocrx_word' id='word_1_370' title='bbox 699 3230 834 3284; x_wconf 74' lang='lat' dir='ltr'><strong>videt</strong></span> <span class='ocrx_word' id='word_1_371' title='bbox 856 3246 957 3297; x_wconf 86' lang='lat' dir='ltr'><strong>me,</strong></span> <span class='ocrx_word' id='word_1_372' title='bbox 994 3229 1132 3284; x_wconf 79' lang='lat' dir='ltr'><strong>uidet</strong></span> <span class='ocrx_word' id='word_1_373' title='bbox 1162 3241 1212 3285; x_wconf 88' lang='lat' dir='ltr'><strong>et</strong></span> <span class='ocrx_word' id='word_1_374' title='bbox 1244 3230 1461 3285; x_wconf 84' lang='lat' dir='ltr'><strong>Patrem</strong></span> <span class='ocrx_word' id='word_1_375' title='bbox 1499 3233 1563 3287; x_wconf 79' lang='lat'><strong>&#39;°.</strong></span> <span class='ocrx_word' id='word_1_376' title='bbox 1603 3231 1790 3303; x_wconf 83' lang='lat' dir='ltr'><strong>Neque</strong></span> <span class='ocrx_word' id='word_1_377' title='bbox 1824 3234 1971 3289; x_wconf 89' lang='lat' dir='ltr'><strong>enim</strong></span> 
     </span>
    </p>
   </div>
   <div class='ocr_carea' id='block_1_49' title="bbox 393 3319 1975 3391">
    <p class='ocr_par' dir='ltr' id='par_1_49' title="bbox 393 3319 1975 3391">
     <span class='ocr_line' id='line_1_49' title="bbox 393 3319 1975 3391; baseline 0.006 -17"><span class='ocrx_word' id='word_1_378' title='bbox 393 3319 625 3386; x_wconf 86' lang='lat' dir='ltr'><strong>Pilatus,</strong></span> <span class='ocrx_word' id='word_1_379' title='bbox 655 3321 749 3391; x_wconf 90' lang='lat' dir='ltr'><strong>qui</strong></span> <span class='ocrx_word' id='word_1_380' title='bbox 778 3322 995 3377; x_wconf 87' lang='lat' dir='ltr'><strong>videbat</strong></span> <span class='ocrx_word' id='word_1_381' title='bbox 1024 3319 1236 3386; x_wconf 72' lang='lat' dir='ltr'><strong>Iesum,</strong></span> <span class='ocrx_word' id='word_1_382' title='bbox 1265 3322 1578 3378; x_wconf 88' lang='lat' dir='ltr'><strong>intuebatur</strong></span> <span class='ocrx_word' id='word_1_383' title='bbox 1611 3324 1849 3391; x_wconf 80' lang='lat' dir='ltr'><strong>Patrem,</strong></span> <span class='ocrx_word' id='word_1_384' title='bbox 1874 3341 1975 3383; x_wconf 90' lang='lat' dir='ltr'><strong>nec</strong></span> 
     </span>
    </p>
   </div>
   <div class='ocr_carea' id='block_1_50' title="bbox 393 3415 1973 3489">
    <p class='ocr_par' dir='ltr' id='par_1_50' title="bbox 393 3415 1973 3489">
     <span class='ocr_line' id='line_1_50' title="bbox 393 3415 1973 3489; baseline 0.004 -18"><span class='ocrx_word' id='word_1_385' title='bbox 393 3416 642 3486; x_wconf 90' lang='lat' dir='ltr'><strong>proditor</strong></span> <span class='ocrx_word' id='word_1_386' title='bbox 670 3415 839 3474; x_wconf 72' lang='lat' dir='ltr'><strong>ludas</strong></span> <span class='ocrx_word' id='word_1_387' title='bbox 865 3436 878 3473; x_wconf 90' lang='lat'><strong>:</strong></span> <span class='ocrx_word' id='word_1_388' title='bbox 911 3417 1039 3489; x_wconf 89' lang='lat' dir='ltr'><strong>quia</strong></span> <span class='ocrx_word' id='word_1_389' title='bbox 1081 3433 1184 3474; x_wconf 89' lang='lat' dir='ltr'><strong>nec</strong></span> <span class='ocrx_word' id='word_1_390' title='bbox 1216 3417 1333 3489; x_wconf 88' lang='lat' dir='ltr'><strong>ipse</strong></span> <span class='ocrx_word' id='word_1_391' title='bbox 1370 3417 1578 3475; x_wconf 89' lang='lat' dir='ltr'><strong>Pilatus</strong></span> <span class='ocrx_word' id='word_1_392' title='bbox 1607 3461 1622 3485; x_wconf 96' lang='lat'><strong>,</strong></span> <span class='ocrx_word' id='word_1_393' title='bbox 1673 3435 1775 3477; x_wconf 88' lang='lat' dir='ltr'><strong>nec</strong></span> <span class='ocrx_word' id='word_1_394' title='bbox 1805 3419 1973 3478; x_wconf 84' lang='lat' dir='ltr'><strong>Judas</strong></span> 
     </span>
    </p>
   </div>
   <div class='ocr_carea' id='block_1_51' title="bbox 393 3508 1974 3579">
    <p class='ocr_par' dir='ltr' id='par_1_51' title="bbox 393 3508 1974 3579">
     <span class='ocr_line' id='line_1_51' title="bbox 393 3508 1974 3579; baseline 0.003 -16"><span class='ocrx_word' id='word_1_395' title='bbox 393 3508 672 3564; x_wconf 84' lang='lat' dir='ltr'><strong>Christum</strong></span> <span class='ocrx_word' id='word_1_396' title='bbox 704 3510 1004 3565; x_wconf 89' lang='lat' dir='ltr'><strong>secundum</strong></span> <span class='ocrx_word' id='word_1_397' title='bbox 1043 3511 1147 3566; x_wconf 90' lang='lat' dir='ltr'><strong>hoc</strong></span> <span class='ocrx_word' id='word_1_398' title='bbox 1191 3509 1339 3579; x_wconf 89' lang='lat' dir='ltr'><strong>quod</strong></span> <span class='ocrx_word' id='word_1_399' title='bbox 1383 3521 1501 3566; x_wconf 88' lang='lat' dir='ltr'><strong>erat</strong></span> <span class='ocrx_word' id='word_1_400' title='bbox 1538 3511 1793 3568; x_wconf 84' lang='lat' dir='ltr'><strong>Christus</strong></span> <span class='ocrx_word' id='word_1_401' title='bbox 1821 3514 1974 3569; x_wconf 91' lang='lat' dir='ltr'><strong>vide-</strong></span> 
     </span>
    </p>
   </div>
   <div class='ocr_carea' id='block_1_52' title="bbox 397 3595 1974 3666">
    <p class='ocr_par' dir='ltr' id='par_1_52' title="bbox 397 3595 1974 3666">
     <span class='ocr_line' id='line_1_52' title="bbox 397 3595 1974 3666; baseline 0.004 -17"><span class='ocrx_word' id='word_1_402' title='bbox 397 3595 549 3659; x_wconf 87' lang='lat' dir='ltr'><strong>bant,</strong></span> <span class='ocrx_word' id='word_1_403' title='bbox 586 3611 688 3651; x_wconf 86' lang='lat' dir='ltr'><strong>nee</strong></span> <span class='ocrx_word' id='word_1_404' title='bbox 716 3596 1008 3651; x_wconf 89' lang='lat' dir='ltr'><strong>multitudo</strong></span> <span class='ocrx_word' id='word_1_405' title='bbox 1036 3611 1159 3666; x_wconf 64' lang='lat' dir='ltr'><strong>quae</strong></span> <span class='ocrx_word' id='word_1_406' title='bbox 1190 3598 1504 3652; x_wconf 88' lang='lat' dir='ltr'><strong>coarctabat</strong></span> <span class='ocrx_word' id='word_1_407' title='bbox 1541 3613 1687 3653; x_wconf 89' lang='lat' dir='ltr'><strong>eum.</strong></span> <span class='ocrx_word' id='word_1_408' title='bbox 1738 3600 1816 3654; x_wconf 91' lang='lat' dir='ltr'><strong>Illi</strong></span> <span class='ocrx_word' id='word_1_409' title='bbox 1853 3609 1974 3656; x_wconf 90' lang='lat' dir='ltr'><strong>tan-</strong></span> 
     </span>
    </p>
   </div>
   <div class='ocr_carea' id='block_1_53' title="bbox 396 3683 1979 3759">
    <p class='ocr_par' dir='ltr' id='par_1_53' title="bbox 396 3683 1979 3759">
     <span class='ocr_line' id='line_1_53' title="bbox 396 3683 1979 3759; baseline 0.004 -22"><span class='ocrx_word' id='word_1_410' title='bbox 396 3691 513 3747; x_wconf 75' lang='lat' dir='ltr'><strong>twn</strong></span> <span class='ocrx_word' id='word_1_411' title='bbox 537 3684 792 3738; x_wconf 79' lang='lat' dir='ltr'><strong>videbant</strong></span> <span class='ocrx_word' id='word_1_412' title='bbox 824 3683 1033 3749; x_wconf 75' lang='lat' dir='ltr'><strong>Iesum,</strong></span> <span class='ocrx_word' id='word_1_413' title='bbox 1067 3699 1207 3755; x_wconf 91' lang='lat' dir='ltr'><strong>quos</strong></span> <span class='ocrx_word' id='word_1_414' title='bbox 1228 3694 1448 3755; x_wconf 89' lang='lat' dir='ltr'><strong>aspectu</strong></span> <span class='ocrx_word' id='word_1_415' title='bbox 1486 3702 1587 3742; x_wconf 91' lang='lat' dir='ltr'><strong>suo</strong></span> <span class='ocrx_word' id='word_1_416' title='bbox 1631 3688 1826 3759; x_wconf 83' lang='lat' dir='ltr'><strong>dignos</strong></span> <span class='ocrx_word' id='word_1_417' title='bbox 1855 3703 1979 3744; x_wconf 88' lang='lat' dir='ltr'><strong>esse</strong></span> 
     </span>
    </p>
   </div>
   <div class='ocr_carea' id='block_1_54' title="bbox 398 3774 1976 3847">
    <p class='ocr_par' dir='ltr' id='par_1_54' title="bbox 398 3774 1976 3847">
     <span class='ocr_line' id='line_1_54' title="bbox 398 3774 1976 3847; baseline 0.002 -15"><span class='ocrx_word' id='word_1_418' title='bbox 398 3776 622 3832; x_wconf 82' lang='lat' dir='ltr'><strong>sciebat.</strong></span> <span class='ocrx_word' id='word_1_419' title='bbox 654 3774 989 3831; x_wconf 83' lang='lat' dir='ltr'><strong>Laboremus</strong></span> <span class='ocrx_word' id='word_1_420' title='bbox 1016 3790 1147 3847; x_wconf 92' lang='lat' dir='ltr'><strong>ergo</strong></span> <span class='ocrx_word' id='word_1_421' title='bbox 1174 3785 1227 3831; x_wconf 89' lang='lat' dir='ltr'><strong>et</strong></span> <span class='ocrx_word' id='word_1_422' title='bbox 1255 3791 1376 3842; x_wconf 92' lang='lat' dir='ltr'><strong>nos,</strong></span> <span class='ocrx_word' id='word_1_423' title='bbox 1414 3784 1475 3831; x_wconf 94' lang='lat' dir='ltr'><strong>ut</strong></span> <span class='ocrx_word' id='word_1_424' title='bbox 1496 3785 1550 3832; x_wconf 91' lang='lat' dir='ltr'><strong>et</strong></span> <span class='ocrx_word' id='word_1_425' title='bbox 1580 3776 1976 3847; x_wconf 66' lang='lat' dir='ltr'><strong>impraesentia-</strong></span> 
     </span>
    </p>
   </div>
   <div class='ocr_carea' id='block_1_55' title="bbox 398 3865 1979 3941">
    <p class='ocr_par' dir='ltr' id='par_1_55' title="bbox 398 3865 1979 3941">
     <span class='ocr_line' id='line_1_55' title="bbox 398 3865 1979 3941; baseline 0.006 -25"><span class='ocrx_word' id='word_1_426' title='bbox 398 3877 521 3921; x_wconf 92' lang='lat' dir='ltr'><strong>rum</strong></span> <span class='ocrx_word' id='word_1_427' title='bbox 553 3866 712 3923; x_wconf 90' lang='lat' dir='ltr'><strong>nobis</strong></span> <span class='ocrx_word' id='word_1_428' title='bbox 747 3865 889 3922; x_wconf 89' lang='lat' dir='ltr'><strong>Deus</strong></span> <span class='ocrx_word' id='word_1_429' title='bbox 922 3875 1199 3936; x_wconf 89' lang='lat' dir='ltr'><strong>appareat.</strong></span> <span class='ocrx_word' id='word_1_430' title='bbox 1239 3870 1473 3923; x_wconf 62' lang='lat' dir='ltr'><strong>ﬁanctus</strong></span> <span class='ocrx_word' id='word_1_431' title='bbox 1495 3868 1696 3939; x_wconf 88' lang='lat' dir='ltr'><strong>quippe</strong></span> <span class='ocrx_word' id='word_1_432' title='bbox 1732 3868 1979 3941; x_wconf 87' lang='lat' dir='ltr'><strong>Scriptu-</strong></span> 
     </span>
    </p>
   </div>
   <div class='ocr_carea' id='block_1_56' title="bbox 397 3956 1978 4032">
    <p class='ocr_par' dir='ltr' id='par_1_56' title="bbox 397 3956 1978 4032">
     <span class='ocr_line' id='line_1_56' title="bbox 397 3956 1978 4032; baseline 0.005 -24"><span class='ocrx_word' id='word_1_433' title='bbox 397 3970 585 4011; x_wconf 89' lang='lat' dir='ltr'><strong>rarum</strong></span> <span class='ocrx_word' id='word_1_434' title='bbox 612 3973 794 4013; x_wconf 87' lang='lat' dir='ltr'><strong>sermo</strong></span> <span class='ocrx_word' id='word_1_435' title='bbox 828 3957 1102 4027; x_wconf 87' lang='lat' dir='ltr'><strong>promisit,</strong></span> <span class='ocrx_word' id='word_1_436' title='bbox 1133 3956 1278 4027; x_wconf 90' lang='lat' dir='ltr'><strong>quod</strong></span> <span class='ocrx_word' id='word_1_437' title='bbox 1314 3957 1620 4013; x_wconf 87' lang='lat' dir='ltr'><strong>invenietur</strong></span> <span class='ocrx_word' id='word_1_438' title='bbox 1660 3960 1731 4015; x_wconf 88' lang='lat' dir='ltr'><strong>ab</strong></span> <span class='ocrx_word' id='word_1_439' title='bbox 1766 3960 1850 4018; x_wconf 87' lang='lat' dir='ltr'><strong>bis</strong></span> <span class='ocrx_word' id='word_1_440' title='bbox 1883 3961 1978 4032; x_wconf 89' lang='lat' dir='ltr'><strong>qui</strong></span> 
     </span>
    </p>
   </div>
   <div class='ocr_carea' id='block_1_57' title="bbox 399 4049 1980 4123">
    <p class='ocr_par' dir='ltr' id='par_1_57' title="bbox 399 4049 1980 4123">
     <span class='ocr_line' id='line_1_57' title="bbox 399 4049 1980 4123; baseline 0.006 -22"><span class='ocrx_word' id='word_1_441' title='bbox 399 4062 510 4103; x_wconf 84' lang='lat' dir='ltr'><strong>non</strong></span> <span class='ocrx_word' id='word_1_442' title='bbox 545 4056 755 4103; x_wconf 85' lang='lat' dir='ltr'><strong>tentant</strong></span> <span class='ocrx_word' id='word_1_443' title='bbox 780 4063 904 4103; x_wconf 89' lang='lat' dir='ltr'><strong>eum</strong></span> <span class='ocrx_word' id='word_1_444' title='bbox 938 4066 953 4102; x_wconf 90' lang='lat'><strong>:</strong></span> <span class='ocrx_word' id='word_1_445' title='bbox 990 4057 1213 4119; x_wconf 87' lang='lat' dir='ltr'><strong>apparet</strong></span> <span class='ocrx_word' id='word_1_446' title='bbox 1243 4057 1425 4104; x_wconf 89' lang='lat' dir='ltr'><strong>autem</strong></span> <span class='ocrx_word' id='word_1_447' title='bbox 1456 4049 1541 4107; x_wconf 90' lang='lat' dir='ltr'><strong>his</strong></span> <span class='ocrx_word' id='word_1_448' title='bbox 1565 4051 1662 4123; x_wconf 88' lang='lat' dir='ltr'><strong>qui</strong></span> <span class='ocrx_word' id='word_1_449' title='bbox 1701 4068 1811 4108; x_wconf 92' lang='lat' dir='ltr'><strong>non</strong></span> <span class='ocrx_word' id='word_1_450' title='bbox 1849 4063 1980 4113; x_wconf 87' lang='lat' dir='ltr'><strong>sunt</strong></span> 
     </span>
    </p>
   </div>
   <div class='ocr_carea' id='block_1_58' title="bbox 398 4137 1978 4225">
    <p class='ocr_par' dir='ltr' id='par_1_58' title="bbox 398 4137 1978 4225">
     <span class='ocr_line' id='line_1_58' title="bbox 398 4137 1978 4225; baseline 0.004 -30"><span class='ocrx_word' id='word_1_451' title='bbox 398 4140 668 4225; x_wconf 67' lang='lat' dir='ltr'><strong>increduli</strong></span> <span class='ocrx_word' id='word_1_452' title='bbox 696 4138 749 4193; x_wconf 91' lang='lat' dir='ltr'><strong>in</strong></span> <span class='ocrx_word' id='word_1_453' title='bbox 790 4154 916 4194; x_wconf 91' lang='lat' dir='ltr'><strong>eum</strong></span> <span class='ocrx_word' id='word_1_454' title='bbox 950 4156 964 4193; x_wconf 93' lang='lat'><strong>:</strong></span> <span class='ocrx_word' id='word_1_455' title='bbox 1001 4148 1056 4193; x_wconf 89' lang='lat' dir='ltr'><strong>et</strong></span> <span class='ocrx_word' id='word_1_456' title='bbox 1085 4144 1139 4194; x_wconf 88' lang='lat' dir='ltr'><strong>in</strong></span> <span class='ocrx_word' id='word_1_457' title='bbox 1181 4137 1367 4195; x_wconf 83' lang='lat' dir='ltr'><strong>futuro</strong></span> <span class='ocrx_word' id='word_1_458' title='bbox 1398 4157 1504 4195; x_wconf 85' lang='lat' dir='ltr'><strong>non</strong></span> <span class='ocrx_word' id='word_1_459' title='bbox 1551 4142 1921 4201; x_wconf 78' lang='lat' dir='ltr'><strong>abseondatur</strong></span> <span class='ocrx_word' id='word_1_460' title='bbox 1947 4162 1978 4202; x_wconf 89' lang='lat' dir='ltr'><strong>a</strong></span> 
     </span>
    </p>
   </div>
   <div class='ocr_carea' id='block_1_59' title="bbox 398 4233 1981 4304">
    <p class='ocr_par' dir='ltr' id='par_1_59' title="bbox 398 4233 1981 4304">
     <span class='ocr_line' id='line_1_59' title="bbox 398 4233 1981 4304; baseline 0.006 -18"><span class='ocrx_word' id='word_1_461' title='bbox 398 4233 604 4300; x_wconf 83' lang='lat' dir='ltr'><strong>nobis;</strong></span> <span class='ocrx_word' id='word_1_462' title='bbox 630 4233 725 4288; x_wconf 87' lang='lat' dir='ltr'><strong>sed</strong></span> <span class='ocrx_word' id='word_1_463' title='bbox 757 4233 1042 4289; x_wconf 88' lang='lat' dir='ltr'><strong>videamus</strong></span> <span class='ocrx_word' id='word_1_464' title='bbox 1063 4248 1189 4289; x_wconf 89' lang='lat' dir='ltr'><strong>eum</strong></span> <span class='ocrx_word' id='word_1_465' title='bbox 1235 4233 1379 4289; x_wconf 77' lang='lat' dir='ltr'><strong>facie</strong></span> <span class='ocrx_word' id='word_1_466' title='bbox 1420 4235 1489 4289; x_wconf 89' lang='lat' dir='ltr'><strong>ad</strong></span> <span class='ocrx_word' id='word_1_467' title='bbox 1527 4233 1722 4291; x_wconf 79' lang='lat' dir='ltr'><strong>faciem</strong></span> <span class='ocrx_word' id='word_1_468' title='bbox 1743 4278 1760 4304; x_wconf 93' lang='lat'><strong>,</strong></span> <span class='ocrx_word' id='word_1_469' title='bbox 1798 4250 1853 4294; x_wconf 90' lang='lat' dir='ltr'><strong>et</strong></span> <span class='ocrx_word' id='word_1_470' title='bbox 1882 4240 1981 4296; x_wconf 87' lang='lat' dir='ltr'><strong>ha-</strong></span> 
     </span>
    </p>
   </div>
   <div class='ocr_carea' id='block_1_60' title="bbox 403 4324 1979 4401">
    <p class='ocr_par' dir='ltr' id='par_1_60' title="bbox 403 4324 1979 4401">
     <span class='ocr_line' id='line_1_60' title="bbox 403 4324 1979 4401; baseline 0.005 -20"><span class='ocrx_word' id='word_1_471' title='bbox 403 4326 633 4382; x_wconf 86' lang='lat' dir='ltr'><strong>beamus</strong></span> <span class='ocrx_word' id='word_1_472' title='bbox 660 4324 915 4380; x_wconf 80' lang='lat' dir='ltr'><strong>liduciam</strong></span> <span class='ocrx_word' id='word_1_473' title='bbox 945 4325 1101 4380; x_wconf 69' lang='lat' dir='ltr'><strong>bona:</strong></span> <span class='ocrx_word' id='word_1_474' title='bbox 1124 4324 1272 4391; x_wconf 58' lang='lat' dir='ltr'><strong>vitae,</strong></span> <span class='ocrx_word' id='word_1_475' title='bbox 1301 4325 1660 4397; x_wconf 87' lang='lat' dir='ltr'><strong>i&#39;ruamurque</strong></span> <span class='ocrx_word' id='word_1_476' title='bbox 1686 4342 1979 4401; x_wconf 82' lang='lat' dir='ltr'><strong>conspectu</strong></span> 
     </span>
    </p>
   </div>
   <div class='ocr_carea' id='block_1_61' title="bbox 404 4413 1979 4491">
    <p class='ocr_par' dir='ltr' id='par_1_61' title="bbox 404 4413 1979 4491">
     <span class='ocr_line' id='line_1_61' title="bbox 404 4413 1979 4491; baseline 0.006 -21"><span class='ocrx_word' id='word_1_477' title='bbox 404 4414 796 4486; x_wconf 88' lang='lat' dir='ltr'><strong>omnipotentis</strong></span> <span class='ocrx_word' id='word_1_478' title='bbox 829 4413 921 4469; x_wconf 88' lang='lat' dir='ltr'><strong>Dei</strong></span> <span class='ocrx_word' id='word_1_479' title='bbox 949 4414 1003 4469; x_wconf 91' lang='lat' dir='ltr'><strong>in</strong></span> <span class='ocrx_word' id='word_1_480' title='bbox 1030 4414 1250 4472; x_wconf 81' lang='lat' dir='ltr'><strong>Christo</strong></span> <span class='ocrx_word' id='word_1_481' title='bbox 1277 4413 1430 4485; x_wconf 80' lang='lat' dir='ltr'><strong>Jesu,</strong></span> <span class='ocrx_word' id='word_1_482' title='bbox 1453 4431 1507 4474; x_wconf 87' lang='lat' dir='ltr'><strong>et</strong></span> <span class='ocrx_word' id='word_1_483' title='bbox 1534 4418 1739 4489; x_wconf 85' lang='lat' dir='ltr'><strong>Spiritu</strong></span> <span class='ocrx_word' id='word_1_484' title='bbox 1767 4432 1979 4491; x_wconf 89' lang='lat' dir='ltr'><strong>sancto,</strong></span> 
     </span>
    </p>
   </div>
   <div class='ocr_carea' id='block_1_62' title="bbox 475 4528 2502 4601">
    <p class='ocr_par' dir='ltr' id='par_1_62' title="bbox 475 4528 2502 4601">
     <span class='ocr_line' id='line_1_62' title="bbox 475 4528 2502 4601; baseline -0 -16"><span class='ocrx_word' id='word_1_485' title='bbox 475 4531 522 4565; x_wconf 81' lang='grc'><strong>⁸⁸</strong></span> <span class='ocrx_word' id='word_1_486' title='bbox 545 4529 731 4585; x_wconf 82' lang='lat' dir='ltr'><strong>Matth.</strong></span> <span class='ocrx_word' id='word_1_487' title='bbox 755 4545 809 4584; x_wconf 89' lang='lat' dir='ltr'><strong>v.</strong></span> <span class='ocrx_word' id='word_1_488' title='bbox 885 4529 931 4563; x_wconf 77' lang='lat'>”</span> <span class='ocrx_word' id='word_1_489' title='bbox 949 4528 1106 4584; x_wconf 81' lang='lat' dir='ltr'><strong>Joan.</strong></span> <span class='ocrx_word' id='word_1_490' title='bbox 1139 4546 1250 4595; x_wconf 81' lang='lat' dir='ltr'><strong>xw,</strong></span> <span class='ocrx_word' id='word_1_491' title='bbox 1278 4531 1333 4598; x_wconf 91' lang='lat'><strong>8,</strong></span> <span class='ocrx_word' id='word_1_492' title='bbox 1357 4531 1411 4587; x_wconf 89' lang='lat'><strong>9.</strong></span> <span class='ocrx_word' id='word_1_493' title='bbox 1487 4534 1534 4567; x_wconf 82' lang='lat'><strong>&#39;°</strong></span> <span class='ocrx_word' id='word_1_494' title='bbox 1550 4533 1681 4590; x_wconf 82' lang='lat' dir='ltr'><strong>Luc.</strong></span> <span class='ocrx_word' id='word_1_495' title='bbox 1702 4549 1742 4601; x_wconf 84' lang='grc' dir='ltr'>ι,</span> <span class='ocrx_word' id='word_1_496' title='bbox 1779 4533 1867 4590; x_wconf 77' lang='grc'><strong>15.</strong></span> <span class='ocrx_word' id='word_1_497' title='bbox 1940 4535 1986 4567; x_wconf 74' lang='grc' dir='ltr'><strong>π</strong></span> <span class='ocrx_word' id='word_1_498' title='bbox 2018 4533 2208 4589; x_wconf 78' lang='lat' dir='ltr'><strong>Matth.</strong></span> <span class='ocrx_word' id='word_1_499' title='bbox 2242 4529 2502 4596; x_wconf 45' lang='lat' dir='ltr'><strong>ungit}.</strong></span> 
     </span>
    </p>
   </div>
   <div class='ocr_carea' id='block_1_63' title="bbox 479 4619 1970 4698">
    <p class='ocr_par' dir='ltr' id='par_1_63' title="bbox 479 4619 1970 4698">
     <span class='ocr_line' id='line_1_63' title="bbox 479 4619 1970 4698; baseline 0.003 -24"><span class='ocrx_word' id='word_1_500' title='bbox 479 4622 558 4692; x_wconf 89' lang='lat'><strong>(7)</strong></span> <span class='ocrx_word' id='word_1_501' title='bbox 579 4619 696 4675; x_wconf 87' lang='lat' dir='ltr'><strong>Non</strong></span> <span class='ocrx_word' id='word_1_502' title='bbox 725 4631 806 4676; x_wconf 90' lang='lat' dir='ltr'><strong>est</strong></span> <span class='ocrx_word' id='word_1_503' title='bbox 836 4635 935 4698; x_wconf 80' lang='lat' dir='ltr'><strong>cur</strong></span> <span class='ocrx_word' id='word_1_504' title='bbox 962 4622 1148 4678; x_wconf 84' lang='lat' dir='ltr'><strong>multis</strong></span> <span class='ocrx_word' id='word_1_505' title='bbox 1180 4621 1385 4698; x_wconf 82' lang='lat' dir='ltr'><strong>hancce</strong></span> <span class='ocrx_word' id='word_1_506' title='bbox 1404 4622 1970 4698; x_wconf 73' lang='lat' dir='ltr'><strong>Qrigenisreprelien-</strong></span> 
     </span>
    </p>
   </div>
   <div class='ocr_carea' id='block_1_64' title="bbox 2073 4619 3105 4698">
    <p class='ocr_par' dir='ltr' id='par_1_64' title="bbox 2082 4619 3105 4698">
     <span class='ocr_line' id='line_1_64' title="bbox 2082 4619 3105 4698; baseline 0 0"><span class='ocrx_word' id='word_1_507' title='bbox 2082 4625 2186 4698; x_wconf 68' lang='grc' dir='ltr'>χῖις</span> <span class='ocrx_word' id='word_1_508' title='bbox 2208 4624 2329 4698; x_wconf 57' lang='grc' dir='ltr'><strong>καῖ’</strong></span> <span class='ocrx_word' id='word_1_509' title='bbox 2353 4619 2594 4698; x_wconf 45' lang='lat' dir='ltr'><strong>essent</strong></span> <span class='ocrx_word' id='word_1_510' title='bbox 2604 4620 2699 4698; x_wconf 59' lang='grc' dir='ltr'>κιιῖ</span> <span class='ocrx_word' id='word_1_511' title='bbox 2718 4619 2939 4698; x_wconf 59' lang='grc' dir='ltr'><strong>ἔσειεςς</strong></span> <span class='ocrx_word' id='word_1_512' title='bbox 2971 4637 3105 4698; x_wconf 47' lang='grc' dir='ltr'><strong>σωκ</strong></span> 
     </span>
    </p>
   </div>
   <div class='ocr_carea' id='block_1_65' title="bbox 410 4692 1977 4764">
    <p class='ocr_par' dir='ltr' id='par_1_65' title="bbox 410 4692 1977 4764">
     <span class='ocr_line' id='line_1_65' title="bbox 410 4692 1977 4764; baseline 0.001 -18"><span class='ocrx_word' id='word_1_513' title='bbox 410 4694 617 4764; x_wconf 73' lang='lat' dir='ltr'><strong>damus</strong></span> <span class='ocrx_word' id='word_1_514' title='bbox 637 4692 960 4764; x_wconf 78' lang='lat' dir='ltr'><strong>sententiam</strong></span> <span class='ocrx_word' id='word_1_515' title='bbox 983 4732 998 4756; x_wconf 94' lang='lat'><strong>,</strong></span> <span class='ocrx_word' id='word_1_516' title='bbox 1030 4708 1138 4762; x_wconf 91' lang='lat' dir='ltr'><strong>qua</strong></span> <span class='ocrx_word' id='word_1_517' title='bbox 1160 4694 1249 4764; x_wconf 74' lang='lat' dir='ltr'><strong>ab</strong></span> <span class='ocrx_word' id='word_1_518' title='bbox 1264 4694 1483 4764; x_wconf 82' lang='lat' dir='ltr'><strong>angelis</strong></span> <span class='ocrx_word' id='word_1_519' title='bbox 1516 4694 1707 4749; x_wconf 82' lang='lat' dir='ltr'><strong>statuit</strong></span> <span class='ocrx_word' id='word_1_520' title='bbox 1730 4692 1977 4764; x_wconf 69' lang='lat' dir='ltr'><strong>corpori-</strong></span> 
     </span>
    </p>
   </div>
   <div class='ocr_carea' id='block_1_66' title="bbox 407 4759 1980 4833">
    <p class='ocr_par' dir='ltr' id='par_1_66' title="bbox 407 4759 1980 4833">
     <span class='ocr_line' id='line_1_66' title="bbox 407 4759 1980 4833; baseline 0.001 -15"><span class='ocrx_word' id='word_1_521' title='bbox 407 4763 514 4818; x_wconf 87' lang='lat' dir='ltr'><strong>bns</strong></span> <span class='ocrx_word' id='word_1_522' title='bbox 544 4759 745 4833; x_wconf 82' lang='lat' dir='ltr'><strong>illigari</strong></span> <span class='ocrx_word' id='word_1_523' title='bbox 766 4761 980 4815; x_wconf 88' lang='lat' dir='ltr'><strong>animas</strong></span> <span class='ocrx_word' id='word_1_524' title='bbox 1004 4759 1209 4833; x_wconf 50' lang='lat' dir='ltr'><strong>e&#39;ctelo</strong></span> <span class='ocrx_word' id='word_1_525' title='bbox 1244 4759 1616 4833; x_wconf 72' lang='lat' dir='ltr'><strong>depromptas,</strong></span> <span class='ocrx_word' id='word_1_526' title='bbox 1644 4759 1849 4833; x_wconf 78' lang='lat' dir='ltr'><strong>easque</strong></span> <span class='ocrx_word' id='word_1_527' title='bbox 1884 4774 1980 4821; x_wconf 83' lang='lat' dir='ltr'><strong>aut</strong></span> 
     </span>
    </p>
   </div>
   <div class='ocr_carea' id='block_1_67' title="bbox 407 4831 1977 4904">
    <p class='ocr_par' dir='ltr' id='par_1_67' title="bbox 407 4831 1977 4904">
     <span class='ocr_line' id='line_1_67' title="bbox 407 4831 1977 4904; baseline 0.003 -19"><span class='ocrx_word' id='word_1_528' title='bbox 407 4847 510 4903; x_wconf 90' lang='lat' dir='ltr'><strong>pro</strong></span> <span class='ocrx_word' id='word_1_529' title='bbox 545 4831 1027 4904; x_wconf 72' lang='lat' dir='ltr'><strong>peccatissursntn</strong></span> <span class='ocrx_word' id='word_1_530' title='bbox 1068 4831 1327 4889; x_wconf 73' lang='lat' dir='ltr'><strong>admissis</strong></span> <span class='ocrx_word' id='word_1_531' title='bbox 1369 4834 1422 4887; x_wconf 89' lang='lat' dir='ltr'><strong>in</strong></span> <span class='ocrx_word' id='word_1_532' title='bbox 1470 4848 1701 4903; x_wconf 84' lang='lat' dir='ltr'><strong>corpora</strong></span> <span class='ocrx_word' id='word_1_533' title='bbox 1728 4831 1885 4904; x_wconf 84' lang='lat' dir='ltr'><strong>quasi</strong></span> <span class='ocrx_word' id='word_1_534' title='bbox 1922 4835 1977 4889; x_wconf 91' lang='lat' dir='ltr'><strong>in</strong></span> 
     </span>
    </p>
   </div>
   <div class='ocr_carea' id='block_1_68' title="bbox 402 4900 1975 4972">
    <p class='ocr_par' dir='ltr' id='par_1_68' title="bbox 402 4900 1975 4972">
     <span class='ocr_line' id='line_1_68' title="bbox 402 4900 1975 4972; baseline 0 -15"><span class='ocrx_word' id='word_1_535' title='bbox 402 4900 757 4972; x_wconf 74' lang='lat' dir='ltr'><strong>ergastulum</strong></span> <span class='ocrx_word' id='word_1_536' title='bbox 778 4901 1024 4965; x_wconf 88' lang='lat' dir='ltr'><strong>demitti,</strong></span> <span class='ocrx_word' id='word_1_537' title='bbox 1067 4911 1165 4957; x_wconf 82' lang='lat' dir='ltr'><strong>aut</strong></span> <span class='ocrx_word' id='word_1_538' title='bbox 1208 4911 1429 4972; x_wconf 90' lang='lat' dir='ltr'><strong>propter</strong></span> <span class='ocrx_word' id='word_1_539' title='bbox 1459 4900 1605 4958; x_wconf 71' lang='lat' dir='ltr'><strong>recte</strong></span> <span class='ocrx_word' id='word_1_540' title='bbox 1638 4900 1764 4957; x_wconf 80' lang='lat' dir='ltr'><strong>ante</strong></span> <span class='ocrx_word' id='word_1_541' title='bbox 1806 4904 1975 4957; x_wconf 85' lang='lat' dir='ltr'><strong>vitam</strong></span> 
     </span>
    </p>
   </div>
   <div class='ocr_carea' id='block_1_69' title="bbox 406 4962 1991 5042">
    <p class='ocr_par' dir='ltr' id='par_1_69' title="bbox 406 4962 1991 5042">
     <span class='ocr_line' id='line_1_69' title="bbox 406 4962 1991 5042; baseline 0.003 -19"><span class='ocrx_word' id='word_1_542' title='bbox 406 4962 560 5042; x_wconf 68' lang='lat' dir='ltr'><strong>gesta</strong></span> <span class='ocrx_word' id='word_1_543' title='bbox 580 5008 597 5034; x_wconf 95' lang='lat'><strong>,</strong></span> <span class='ocrx_word' id='word_1_544' title='bbox 627 4969 792 5042; x_wconf 83' lang='lat' dir='ltr'><strong>variis</strong></span> <span class='ocrx_word' id='word_1_545' title='bbox 823 4986 887 5023; x_wconf 90' lang='lat' dir='ltr'><strong>ac</strong></span> <span class='ocrx_word' id='word_1_546' title='bbox 918 4962 1087 5026; x_wconf 85' lang='lat' dir='ltr'><strong>variis</strong></span> <span class='ocrx_word' id='word_1_547' title='bbox 1134 4972 1187 5025; x_wconf 92' lang='lat' dir='ltr'><strong>in</strong></span> <span class='ocrx_word' id='word_1_548' title='bbox 1208 4962 1580 5042; x_wconf 58' lang='lat' dir='ltr'><strong>&#39;cor&#39;porihns,</strong></span> <span class='ocrx_word' id='word_1_549' title='bbox 1616 4973 1847 5028; x_wconf 85' lang='lat' dir='ltr'><strong>decretis</strong></span> <span class='ocrx_word' id='word_1_550' title='bbox 1887 4962 1991 5027; x_wconf 68' lang='lat' dir='ltr'><strong>Dei</strong></span> 
     </span>
    </p>
   </div>
   <div class='ocr_carea' id='block_1_70' title="bbox 407 5040 1983 5112">
    <p class='ocr_par' dir='ltr' id='par_1_70' title="bbox 407 5040 1983 5112">
     <span class='ocr_line' id='line_1_70' title="bbox 407 5040 1983 5112; baseline 0.002 -16"><span class='ocrx_word' id='word_1_551' title='bbox 407 5040 777 5112; x_wconf 76' lang='lat' dir='ltr'><strong>exsequendis</strong></span> <span class='ocrx_word' id='word_1_552' title='bbox 802 5056 1001 5095; x_wconf 85' lang='lat' dir='ltr'><strong>navare</strong></span> <span class='ocrx_word' id='word_1_553' title='bbox 1023 5056 1269 5112; x_wconf 81' lang='lat' dir='ltr'><strong>operam.</strong></span> <span class='ocrx_word' id='word_1_554' title='bbox 1304 5040 1480 5097; x_wconf 91' lang='lat' dir='ltr'><strong>llocce</strong></span> <span class='ocrx_word' id='word_1_555' title='bbox 1500 5042 1827 5111; x_wconf 84' lang='lat' dir='ltr'><strong>Origenismi</strong></span> <span class='ocrx_word' id='word_1_556' title='bbox 1855 5057 1983 5112; x_wconf 86' lang='lat' dir='ltr'><strong>pro-</strong></span> 
     </span>
    </p>
   </div>
   <div class='ocr_carea' id='block_1_71' title="bbox 409 5110 1979 5181">
    <p class='ocr_par' dir='ltr' id='par_1_71' title="bbox 409 5110 1979 5181">
     <span class='ocr_line' id='line_1_71' title="bbox 409 5110 1979 5181; baseline 0.001 -16"><span class='ocrx_word' id='word_1_557' title='bbox 409 5110 700 5181; x_wconf 90' lang='lat' dir='ltr'><strong>pemodum</strong></span> <span class='ocrx_word' id='word_1_558' title='bbox 732 5110 1215 5167; x_wconf 78' lang='lat' dir='ltr'><strong>characteristicon</strong></span> <span class='ocrx_word' id='word_1_559' title='bbox 1251 5112 1525 5167; x_wconf 88' lang='lat' dir='ltr'><strong>innumeri</strong></span> <span class='ocrx_word' id='word_1_560' title='bbox 1558 5110 1767 5166; x_wconf 78' lang='lat' dir='ltr'><strong>veteres</strong></span> <span class='ocrx_word' id='word_1_561' title='bbox 1796 5110 1979 5166; x_wconf 83' lang='lat' dir='ltr'><strong>recen-</strong></span> 
     </span>
    </p>
   </div>
   <div class='ocr_carea' id='block_1_72' title="bbox 412 5181 1983 5251">
    <p class='ocr_par' dir='ltr' id='par_1_72' title="bbox 412 5181 1983 5251">
     <span class='ocr_line' id='line_1_72' title="bbox 412 5181 1983 5251; baseline 0.004 -18"><span class='ocrx_word' id='word_1_562' title='bbox 412 5183 691 5249; x_wconf 83' lang='lat' dir='ltr'><strong>tioresque</strong></span> <span class='ocrx_word' id='word_1_563' title='bbox 724 5188 978 5251; x_wconf 77' lang='lat' dir='ltr'><strong>auctores</strong></span> <span class='ocrx_word' id='word_1_564' title='bbox 1020 5181 1411 5251; x_wconf 78' lang='lat' dir='ltr'><strong>impugnarunt</strong></span> <span class='ocrx_word' id='word_1_565' title='bbox 1457 5198 1471 5233; x_wconf 85' lang='lat'><strong>:</strong></span> <span class='ocrx_word' id='word_1_566' title='bbox 1514 5182 1754 5236; x_wconf 78' lang='lat' dir='ltr'><strong>diximus</strong></span> <span class='ocrx_word' id='word_1_567' title='bbox 1789 5189 1846 5236; x_wconf 91' lang='lat' dir='ltr'><strong>et</strong></span> <span class='ocrx_word' id='word_1_568' title='bbox 1881 5197 1983 5239; x_wconf 87' lang='lat' dir='ltr'><strong>nos</strong></span> 
     </span>
    </p>
   </div>
   <div class='ocr_carea' id='block_1_73' title="bbox 409 5250 1981 5322">
    <p class='ocr_par' dir='ltr' id='par_1_73' title="bbox 409 5250 1981 5322">
     <span class='ocr_line' id='line_1_73' title="bbox 409 5250 1981 5322; baseline 0.001 -17"><span class='ocrx_word' id='word_1_569' title='bbox 409 5251 659 5322; x_wconf 60' lang='lat' dir='ltr'><strong>quietiam</strong></span> <span class='ocrx_word' id='word_1_570' title='bbox 703 5264 827 5322; x_wconf 88' lang='lat' dir='ltr'><strong>cum</strong></span> <span class='ocrx_word' id='word_1_571' title='bbox 859 5250 987 5322; x_wconf 73' lang='lat' dir='ltr'><strong>alibi</strong></span> <span class='ocrx_word' id='word_1_572' title='bbox 1012 5291 1028 5316; x_wconf 93' lang='lat'><strong>,</strong></span> <span class='ocrx_word' id='word_1_573' title='bbox 1078 5250 1192 5305; x_wconf 78' lang='lat' dir='ltr'><strong>tum</strong></span> <span class='ocrx_word' id='word_1_574' title='bbox 1232 5252 1508 5322; x_wconf 69' lang='lat' dir='ltr'><strong>praecipue</strong></span> <span class='ocrx_word' id='word_1_575' title='bbox 1550 5253 1618 5306; x_wconf 91' lang='lat' dir='ltr'><strong>ad</strong></span> <span class='ocrx_word' id='word_1_576' title='bbox 1665 5252 1981 5322; x_wconf 81' lang='lat' dir='ltr'><strong>synodicam</strong></span> 
     </span>
    </p>
   </div>
   <div class='ocr_carea' id='block_1_74' title="bbox 411 5318 1983 5392">
    <p class='ocr_par' dir='ltr' id='par_1_74' title="bbox 411 5318 1983 5392">
     <span class='ocr_line' id='line_1_74' title="bbox 411 5318 1983 5392; baseline 0.001 -18"><span class='ocrx_word' id='word_1_577' title='bbox 411 5318 700 5392; x_wconf 62' lang='lat' dir='ltr'><strong>epistolam</strong></span> <span class='ocrx_word' id='word_1_578' title='bbox 749 5319 893 5392; x_wconf 78' lang='lat' dir='ltr'><strong>inter</strong></span> <span class='ocrx_word' id='word_1_579' title='bbox 927 5318 1379 5392; x_wconf 74' lang='lat' dir='ltr'><strong>llieronymianas</strong></span> <span class='ocrx_word' id='word_1_580' title='bbox 1404 5318 1511 5392; x_wconf 70' lang='lat'><strong>92,</strong></span> <span class='ocrx_word' id='word_1_581' title='bbox 1547 5318 1723 5392; x_wconf 74' lang='lat' dir='ltr'><strong>quam</strong></span> <span class='ocrx_word' id='word_1_582' title='bbox 1778 5322 1983 5391; x_wconf 88' lang='lat' dir='ltr'><strong>publici</strong></span> 
     </span>
    </p>
   </div>
   <div class='ocr_carea' id='block_1_75' title="bbox 407 5387 1982 5460">
    <p class='ocr_par' dir='ltr' id='par_1_75' title="bbox 407 5387 1982 5460">
     <span class='ocr_line' id='line_1_75' title="bbox 407 5387 1982 5460; baseline 0.003 -17"><span class='ocrx_word' id='word_1_583' title='bbox 407 5387 552 5460; x_wconf 80' lang='lat' dir='ltr'><strong>juris</strong></span> <span class='ocrx_word' id='word_1_584' title='bbox 580 5390 821 5460; x_wconf 80' lang='lat' dir='ltr'><strong>primum</strong></span> <span class='ocrx_word' id='word_1_585' title='bbox 842 5387 1095 5453; x_wconf 84' lang='lat' dir='ltr'><strong>fecimus,</strong></span> <span class='ocrx_word' id='word_1_586' title='bbox 1112 5387 1680 5460; x_wconf 64' lang='lat' dir='ltr'><strong>quaqueOrigeniana:</strong></span> <span class='ocrx_word' id='word_1_587' title='bbox 1709 5387 1982 5448; x_wconf 65' lang='lat' dir='ltr'><strong>haireseos</strong></span> 
     </span>
    </p>
   </div>
   <div class='ocr_carea' id='block_1_76' title="bbox 412 5458 1487 5529">
    <p class='ocr_par' dir='ltr' id='par_1_76' title="bbox 412 5458 1487 5529">
     <span class='ocr_line' id='line_1_76' title="bbox 412 5458 1487 5529; baseline 0 -16"><span class='ocrx_word' id='word_1_588' title='bbox 412 5458 755 5529; x_wconf 24' lang='lat' dir='ltr'><strong>placitail‘ere</strong></span> <span class='ocrx_word' id='word_1_589' title='bbox 784 5459 998 5529; x_wconf 88' lang='lat' dir='ltr'><strong>singula</strong></span> <span class='ocrx_word' id='word_1_590' title='bbox 1029 5458 1487 5515; x_wconf 74' lang='lat' dir='ltr'><strong>condemnamur.</strong></span> 
     </span>
    </p>
   </div>
   <div class='ocr_carea' id='block_1_77' title="bbox 486 5527 1981 5603">
    <p class='ocr_par' dir='ltr' id='par_1_77' title="bbox 486 5527 1981 5603">
     <span class='ocr_line' id='line_1_77' title="bbox 486 5527 1981 5603; baseline 0.003 -22"><span class='ocrx_word' id='word_1_591' title='bbox 486 5527 565 5597; x_wconf 90' lang='lat'><strong>(8)</strong></span> <span class='ocrx_word' id='word_1_592' title='bbox 605 5528 832 5603; x_wconf 76' lang='lat' dir='ltr'><strong>Sehedae</strong></span> <span class='ocrx_word' id='word_1_593' title='bbox 880 5527 1073 5584; x_wconf 25' lang='lat' dir='ltr'><strong>’Crabii</strong></span> <span class='ocrx_word' id='word_1_594' title='bbox 1106 5540 1159 5584; x_wconf 92' lang='lat' dir='ltr'><strong>et</strong></span> <span class='ocrx_word' id='word_1_595' title='bbox 1204 5530 1483 5603; x_wconf 82' lang='lat' dir='ltr'><strong>Macarius</strong></span> <span class='ocrx_word' id='word_1_596' title='bbox 1504 5529 1981 5603; x_wconf 72' lang='lat' dir='ltr'><strong>Chrysocephalus</strong></span> 
     </span>
    </p>
   </div>
   <div class='ocr_carea' id='block_1_78' title="bbox 413 5599 1989 5669">
    <p class='ocr_par' dir='ltr' id='par_1_78' title="bbox 413 5599 1989 5669">
     <span class='ocr_line' id='line_1_78' title="bbox 413 5599 1989 5669; baseline 0.003 -17"><span class='ocrx_word' id='word_1_597' title='bbox 413 5605 523 5669; x_wconf 69' lang='lat' dir='ltr'><strong>ms.</strong></span> <span class='ocrx_word' id='word_1_598' title='bbox 554 5606 695 5669; x_wconf 78' lang='lat' dir='ltr'><strong>orat.</strong></span> <span class='ocrx_word' id='word_1_599' title='bbox 716 5599 747 5669; x_wconf 83' lang='lat' dir='ltr'><strong>_l</strong></span> <span class='ocrx_word' id='word_1_600' title='bbox 780 5600 832 5652; x_wconf 91' lang='lat' dir='ltr'><strong>in</strong></span> <span class='ocrx_word' id='word_1_601' title='bbox 856 5609 1036 5669; x_wconf 87' lang='lat' dir='ltr'><strong>ortum</strong></span> <span class='ocrx_word' id='word_1_602' title='bbox 1069 5603 1245 5655; x_wconf 89' lang='lat' dir='ltr'><strong>sancti</strong></span> <span class='ocrx_word' id='word_1_603' title='bbox 1290 5599 1553 5664; x_wconf 81' lang='lat' dir='ltr'><strong>Joannis,</strong></span> <span class='ocrx_word' id='word_1_604' title='bbox 1589 5599 1705 5655; x_wconf 70' lang='lat' dir='ltr'><strong>haec</strong></span> <span class='ocrx_word' id='word_1_605' title='bbox 1737 5600 1989 5669; x_wconf 80' lang='lat' dir='ltr'><strong>Origenis</strong></span> 
     </span>
    </p>
   </div>
   <div class='ocr_carea' id='block_1_79' title="bbox 414 5666 1990 5740">
    <p class='ocr_par' dir='ltr' id='par_1_79' title="bbox 414 5666 1990 5740">
     <span class='ocr_line' id='line_1_79' title="bbox 414 5666 1990 5740; baseline 0.003 -21"><span class='ocrx_word' id='word_1_606' title='bbox 414 5667 580 5740; x_wconf 71' lang='lat' dir='ltr'><strong>vet-ba</strong></span> <span class='ocrx_word' id='word_1_607' title='bbox 607 5666 828 5740; x_wconf 81' lang='lat' dir='ltr'><strong>laudant</strong></span> <span class='ocrx_word' id='word_1_608' title='bbox 859 5687 872 5723; x_wconf 92' lang='lat'><strong>:</strong></span> <span class='ocrx_word' id='word_1_609' title='bbox 912 5668 1125 5740; x_wconf 81' lang='grc' dir='ltr'><strong>Ἔσται</strong></span> <span class='ocrx_word' id='word_1_610' title='bbox 1152 5672 1264 5738; x_wconf 77' lang='grc' dir='ltr'><strong>γὰρ</strong></span> <span class='ocrx_word' id='word_1_611' title='bbox 1286 5670 1491 5740; x_wconf 71' lang='grc' dir='ltr'><strong>μέγας.</strong></span> <span class='ocrx_word' id='word_1_612' title='bbox 1538 5672 1626 5723; x_wconf 84' lang='grc' dir='ltr'>Ἐν</span> <span class='ocrx_word' id='word_1_613' title='bbox 1660 5666 1865 5733; x_wconf 58' lang='lat' dir='ltr'><strong>codro-.2</strong></span> <span class='ocrx_word' id='word_1_614' title='bbox 1895 5671 1990 5740; x_wconf 83' lang='grc' dir='ltr'><strong>μέ·-</strong></span> 
     </span>
    </p>
   </div>
   <div class='ocr_carea' id='block_1_80' title="bbox 454 5717 1990 5819">
    <p class='ocr_par' dir='ltr' id='par_1_80' title="bbox 454 5717 1990 5819">
     <span class='ocr_line' id='line_1_80' title="bbox 454 5717 1990 5819; baseline 0.002 -30"><span class='ocrx_word' id='word_1_615' title='bbox 454 5717 579 5819; x_wconf 56' lang='grc' dir='ltr'><strong>ξοδέ</strong></span> <span class='ocrx_word' id='word_1_616' title='bbox 608 5717 874 5819; x_wconf 44' lang='lat' dir='ltr'><strong>saepe</strong></span> <span class='ocrx_word' id='word_1_617' title='bbox 916 5717 1017 5819; x_wconf 56' lang='grc' dir='ltr'><strong>τῆξ</strong></span> <span class='ocrx_word' id='word_1_618' title='bbox 1034 5717 1536 5819; x_wconf 41' lang='grc' dir='ltr'><strong>ζξῑλριιῑρῖῑνιξξῆς</strong></span> <span class='ocrx_word' id='word_1_619' title='bbox 1556 5717 1990 5819; x_wconf 49' lang='grc' dir='ltr'><strong>Τκάζίέέξεῇςς</strong></span> 
     </span>
    </p>
   </div>
   <div class='ocr_carea' id='block_1_81' title="bbox 415 5753 2015 5883">
    <p class='ocr_par' dir='ltr' id='par_1_81' title="bbox 415 5753 2015 5883">
     <span class='ocr_line' id='line_1_81' title="bbox 454 5753 1990 5819; baseline 0.003 -31"><span class='ocrx_word' id='word_1_620' title='bbox 454 5753 573 5799; x_wconf 72' lang='lat' dir='ltr'><strong>suo;</strong></span> <span class='ocrx_word' id='word_1_621' title='bbox 621 5753 874 5805; x_wconf 68' lang='grc' dir='ltr'><strong>εμψαινει</strong></span> <span class='ocrx_word' id='word_1_622' title='bbox 916 5756 1017 5819; x_wconf 58' lang='grc' dir='ltr'><strong>της</strong></span> <span class='ocrx_word' id='word_1_623' title='bbox 1076 5753 1317 5793; x_wconf 78' lang='grc' dir='ltr'><strong>ἰιι,›αννου</strong></span> <span class='ocrx_word' id='word_1_624' title='bbox 1358 5753 1571 5810; x_wconf 63' lang='grc' dir='ltr'><strong>ψυχης,</strong></span> <span class='ocrx_word' id='word_1_625' title='bbox 1619 5753 1711 5794; x_wconf 72' lang='grc' dir='ltr'>καὶ</span> <span class='ocrx_word' id='word_1_626' title='bbox 1762 5753 1990 5810; x_wconf 54' lang='lat' dir='ltr'><strong>paratio;</strong></span> 
     </span>
     <span class='ocr_line' id='line_1_82' title="bbox 415 5753 2015 5883; baseline 0.003 -24"><span class='ocrx_word' id='word_1_627' title='bbox 415 5753 745 5877; x_wconf 57' lang='grc' dir='ltr'><strong>ἔλεπὸμενον</strong></span> <span class='ocrx_word' id='word_1_628' title='bbox 777 5806 880 5860; x_wconf 75' lang='grc' dir='ltr'><strong>ὑπὸ</strong></span> <span class='ocrx_word' id='word_1_629' title='bbox 910 5826 1000 5863; x_wconf 79' lang='grc' dir='ltr'><strong>του</strong></span> <span class='ocrx_word' id='word_1_630' title='bbox 1028 5811 1182 5869; x_wconf 72' lang='grc' dir='ltr'>θεοῦ.</span> <span class='ocrx_word' id='word_1_631' title='bbox 1214 5813 1367 5865; x_wconf 68' lang='lat' dir='ltr'><strong>&quot;list:</strong></span> <span class='ocrx_word' id='word_1_632' title='bbox 1398 5816 1502 5883; x_wconf 66' lang='grc' dir='ltr'><strong>γάρ</strong></span> <span class='ocrx_word' id='word_1_633' title='bbox 1541 5829 1591 5865; x_wconf 84' lang='grc' dir='ltr'>τι</span> <span class='ocrx_word' id='word_1_634' title='bbox 1633 5811 1859 5883; x_wconf 70' lang='grc' dir='ltr'><strong>μέγεθος</strong></span> <span class='ocrx_word' id='word_1_635' title='bbox 1885 5802 2015 5881; x_wconf 46' lang='grc' dir='ltr'><strong>ἰν-ί</strong></span> 
     </span>
    </p>
   </div>
   <div class='ocr_carea' id='block_1_82' title="bbox 2067 1948 3650 2020">
    <p class='ocr_par' dir='ltr' id='par_1_82' title="bbox 2067 1948 3650 2020">
     <span class='ocr_line' id='line_1_83' title="bbox 2067 1948 3650 2020; baseline -0.004 -11"><span class='ocrx_word' id='word_1_636' title='bbox 2067 1963 2180 2020; x_wconf 92' lang='lat' dir='ltr'><strong>tnr,</strong></span> <span class='ocrx_word' id='word_1_637' title='bbox 2204 1951 2443 2007; x_wconf 88' lang='lat' dir='ltr'><strong>ministri</strong></span> <span class='ocrx_word' id='word_1_638' title='bbox 2467 1948 2768 2004; x_wconf 80' lang='lat' dir='ltr'><strong>nativitatis</strong></span> <span class='ocrx_word' id='word_1_639' title='bbox 2789 1948 2909 2018; x_wconf 85' lang='lat' dir='ltr'><strong>ejus</strong></span> <span class='ocrx_word' id='word_1_640' title='bbox 2937 1949 3209 2015; x_wconf 68' lang='lat' dir='ltr'><strong>laetantur,</strong></span> <span class='ocrx_word' id='word_1_641' title='bbox 3237 1956 3292 2004; x_wconf 94' lang='lat' dir='ltr'><strong>et</strong></span> <span class='ocrx_word' id='word_1_642' title='bbox 3320 1963 3379 2005; x_wconf 91' lang='lat' dir='ltr'><strong>se</strong></span> <span class='ocrx_word' id='word_1_643' title='bbox 3411 1948 3650 2004; x_wconf 79' lang='lat' dir='ltr'><strong>en‘erunt:</strong></span> 
     </span>
    </p>
   </div>
   <div class='ocr_carea' id='block_1_83' title="bbox 2059 2040 3648 2112">
    <p class='ocr_par' dir='ltr' id='par_1_83' title="bbox 2059 2040 3648 2112">
     <span class='ocr_line' id='line_1_84' title="bbox 2059 2040 3648 2112; baseline -0.002 -12"><span class='ocrx_word' id='word_1_644' title='bbox 2059 2045 2114 2100; x_wconf 91' lang='lat' dir='ltr'><strong>in</strong></span> <span class='ocrx_word' id='word_1_645' title='bbox 2150 2044 2403 2100; x_wconf 90' lang='lat' dir='ltr'><strong>sublime.</strong></span> <span class='ocrx_word' id='word_1_646' title='bbox 2428 2040 2661 2108; x_wconf 85' lang='lat' dir='ltr'><strong>Quando</strong></span> <span class='ocrx_word' id='word_1_647' title='bbox 2698 2055 2828 2096; x_wconf 82' lang='lat' dir='ltr'><strong>vero</strong></span> <span class='ocrx_word' id='word_1_648' title='bbox 2864 2041 2954 2095; x_wconf 89' lang='lat' dir='ltr'><strong>ille</strong></span> <span class='ocrx_word' id='word_1_649' title='bbox 3000 2040 3249 2097; x_wconf 88' lang='lat' dir='ltr'><strong>nascitur</strong></span> <span class='ocrx_word' id='word_1_650' title='bbox 3273 2079 3289 2105; x_wconf 95' lang='lat'><strong>,</strong></span> <span class='ocrx_word' id='word_1_651' title='bbox 3337 2040 3433 2112; x_wconf 88' lang='lat' dir='ltr'><strong>qui</strong></span> <span class='ocrx_word' id='word_1_652' title='bbox 3485 2041 3648 2097; x_wconf 71' lang='lat' dir='ltr'><strong>malae</strong></span> 
     </span>
    </p>
   </div>
   <div class='ocr_carea' id='block_1_84' title="bbox 2060 2131 3651 2207">
    <p class='ocr_par' dir='ltr' id='par_1_84' title="bbox 2060 2131 3651 2207">
     <span class='ocr_line' id='line_1_85' title="bbox 2060 2131 3651 2207; baseline -0.002 -15"><span class='ocrx_word' id='word_1_653' title='bbox 2060 2137 2182 2192; x_wconf 76' lang='lat' dir='ltr'><strong>viue</strong></span> <span class='ocrx_word' id='word_1_654' title='bbox 2210 2142 2550 2207; x_wconf 71' lang='lat' dir='ltr'><strong>praeparatus</strong></span> <span class='ocrx_word' id='word_1_655' title='bbox 2580 2140 2683 2197; x_wconf 88' lang='lat' dir='ltr'><strong>est,</strong></span> <span class='ocrx_word' id='word_1_656' title='bbox 2713 2140 2767 2187; x_wconf 88' lang='lat' dir='ltr'><strong>et</strong></span> <span class='ocrx_word' id='word_1_657' title='bbox 2788 2132 2947 2202; x_wconf 89' lang='lat' dir='ltr'><strong>quasi</strong></span> <span class='ocrx_word' id='word_1_658' title='bbox 2971 2132 3043 2187; x_wconf 91' lang='lat' dir='ltr'><strong>ob</strong></span> <span class='ocrx_word' id='word_1_659' title='bbox 3068 2147 3261 2203; x_wconf 66' lang='lat' dir='ltr'><strong>pinnas</strong></span> <span class='ocrx_word' id='word_1_660' title='bbox 3286 2131 3364 2204; x_wconf 90' lang='lat'><strong>(7)</strong></span> <span class='ocrx_word' id='word_1_661' title='bbox 3403 2133 3458 2187; x_wconf 92' lang='lat' dir='ltr'><strong>in</strong></span> <span class='ocrx_word' id='word_1_662' title='bbox 3488 2148 3651 2205; x_wconf 84' lang='lat' dir='ltr'><strong>erga-</strong></span> 
     </span>
    </p>
   </div>
   <div class='ocr_carea' id='block_1_85' title="bbox 2060 2224 3648 2297">
    <p class='ocr_par' dir='ltr' id='par_1_85' title="bbox 2060 2224 3648 2297">
     <span class='ocr_line' id='line_1_86' title="bbox 2060 2224 3648 2297; baseline -0.003 -12"><span class='ocrx_word' id='word_1_663' title='bbox 2060 2229 2263 2285; x_wconf 81' lang='lat' dir='ltr'><strong>stulntn</strong></span> <span class='ocrx_word' id='word_1_664' title='bbox 2299 2227 2603 2297; x_wconf 87' lang='lat' dir='ltr'><strong>relegatus,</strong></span> <span class='ocrx_word' id='word_1_665' title='bbox 2644 2224 2894 2281; x_wconf 90' lang='lat' dir='ltr'><strong>minister</strong></span> <span class='ocrx_word' id='word_1_666' title='bbox 2939 2233 3325 2280; x_wconf 89' lang='lat' dir='ltr'><strong>consternatur</strong></span> <span class='ocrx_word' id='word_1_667' title='bbox 3364 2233 3419 2280; x_wconf 92' lang='lat' dir='ltr'><strong>et</strong></span> <span class='ocrx_word' id='word_1_668' title='bbox 3456 2226 3648 2282; x_wconf 44' lang='lat' dir='ltr'><strong>concie</strong></span> 
     </span>
    </p>
   </div>
   <div class='ocr_carea' id='block_1_86' title="bbox 2060 2316 3648 2390">
    <p class='ocr_par' dir='ltr' id='par_1_86' title="bbox 2060 2316 3648 2390">
     <span class='ocr_line' id='line_1_87' title="bbox 2060 2316 3648 2390; baseline -0.004 -13"><span class='ocrx_word' id='word_1_669' title='bbox 2060 2322 2159 2377; x_wconf 89' lang='lat' dir='ltr'><strong>dit.</strong></span> <span class='ocrx_word' id='word_1_670' title='bbox 2187 2318 2282 2375; x_wconf 81' lang='lat' dir='ltr'><strong>Vis</strong></span> <span class='ocrx_word' id='word_1_671' title='bbox 2315 2317 2623 2390; x_wconf 80' lang='lat' dir='ltr'><strong>exemplum</strong></span> <span class='ocrx_word' id='word_1_672' title='bbox 2656 2317 2904 2387; x_wconf 86' lang='lat' dir='ltr'><strong>accipere</strong></span> <span class='ocrx_word' id='word_1_673' title='bbox 2948 2316 3123 2372; x_wconf 90' lang='lat' dir='ltr'><strong>sancti</strong></span> <span class='ocrx_word' id='word_1_674' title='bbox 3168 2316 3292 2383; x_wconf 90' lang='lat' dir='ltr'><strong>viri,</strong></span> <span class='ocrx_word' id='word_1_675' title='bbox 3326 2317 3486 2387; x_wconf 89' lang='lat' dir='ltr'><strong>cujus</strong></span> <span class='ocrx_word' id='word_1_676' title='bbox 3527 2333 3648 2373; x_wconf 85' lang='lat' dir='ltr'><strong>om-</strong></span> 
     </span>
    </p>
   </div>
   <div class='ocr_carea' id='block_1_87' title="bbox 2062 2406 3661 2468">
    <p class='ocr_par' dir='ltr' id='par_1_87' title="bbox 2062 2406 3661 2468">
     <span class='ocr_line' id='line_1_88' title="bbox 2062 2406 3661 2468; baseline -0.002 -1"><span class='ocrx_word' id='word_1_677' title='bbox 2062 2412 2150 2468; x_wconf 86' lang='lat' dir='ltr'><strong>nis</strong></span> <span class='ocrx_word' id='word_1_678' title='bbox 2197 2409 2410 2466; x_wconf 78' lang='lat' dir='ltr'><strong>fructus</strong></span> <span class='ocrx_word' id='word_1_679' title='bbox 2462 2408 2517 2463; x_wconf 90' lang='lat' dir='ltr'><strong>in</strong></span> <span class='ocrx_word' id='word_1_680' title='bbox 2561 2407 2719 2463; x_wconf 87' lang='lat' dir='ltr'><strong>laude</strong></span> <span class='ocrx_word' id='word_1_681' title='bbox 2779 2408 2851 2464; x_wconf 85' lang='lat' dir='ltr'><strong>sit</strong></span> <span class='ocrx_word' id='word_1_682' title='bbox 2872 2407 2901 2462; x_wconf 56' lang='grc' dir='ltr'><strong>ἳλ</strong></span> <span class='ocrx_word' id='word_1_683' title='bbox 2949 2407 3083 2463; x_wconf 83' lang='lat' dir='ltr'><strong>Vide</strong></span> <span class='ocrx_word' id='word_1_684' title='bbox 3142 2406 3315 2465; x_wconf 78' lang='lat' dir='ltr'><strong>Jacob</strong></span> <span class='ocrx_word' id='word_1_685' title='bbox 3356 2407 3661 2465; x_wconf 77' lang='lat' dir='ltr'><strong>duodecim</strong></span> 
     </span>
    </p>
   </div>
   <div class='ocr_carea' id='block_1_88' title="bbox 2063 2497 3665 2574">
    <p class='ocr_par' dir='ltr' id='par_1_88' title="bbox 2063 2497 3665 2574">
     <span class='ocr_line' id='line_1_89' title="bbox 2063 2497 3665 2574; baseline -0.001 -17"><span class='ocrx_word' id='word_1_686' title='bbox 2063 2501 2318 2574; x_wconf 84' lang='lat' dir='ltr'><strong>genuisse</strong></span> <span class='ocrx_word' id='word_1_687' title='bbox 2343 2513 2543 2564; x_wconf 86' lang='lat' dir='ltr'><strong>mares,</strong></span> <span class='ocrx_word' id='word_1_688' title='bbox 2564 2497 2663 2569; x_wconf 88' lang='lat' dir='ltr'><strong>qui</strong></span> <span class='ocrx_word' id='word_1_689' title='bbox 2683 2513 2875 2555; x_wconf 87' lang='lat' dir='ltr'><strong>omnes</strong></span> <span class='ocrx_word' id='word_1_690' title='bbox 2894 2498 3081 2570; x_wconf 85' lang='lat' dir='ltr'><strong>populi</strong></span> <span class='ocrx_word' id='word_1_691' title='bbox 3099 2498 3194 2554; x_wconf 80' lang='lat' dir='ltr'><strong>Dei</strong></span> <span class='ocrx_word' id='word_1_692' title='bbox 3220 2506 3273 2555; x_wconf 90' lang='lat' dir='ltr'><strong>et</strong></span> <span class='ocrx_word' id='word_1_693' title='bbox 3297 2498 3467 2568; x_wconf 88' lang='lat' dir='ltr'><strong>partis</strong></span> <span class='ocrx_word' id='word_1_694' title='bbox 3499 2500 3665 2556; x_wconf 71' lang='lat' dir='ltr'><strong>illius</strong></span> 
     </span>
    </p>
   </div>
   <div class='ocr_carea' id='block_1_89' title="bbox 2063 2589 3651 2665">
    <p class='ocr_par' dir='ltr' id='par_1_89' title="bbox 2063 2589 3651 2665">
     <span class='ocr_line' id='line_1_90' title="bbox 2063 2589 3651 2665; baseline -0.001 -16"><span class='ocrx_word' id='word_1_695' title='bbox 2063 2592 2388 2665; x_wconf 76' lang='lat' dir='ltr'><strong>patriarcha:</strong></span> <span class='ocrx_word' id='word_1_696' title='bbox 2424 2600 2479 2647; x_wconf 91' lang='lat' dir='ltr'><strong>et</strong></span> <span class='ocrx_word' id='word_1_697' title='bbox 2506 2590 2781 2663; x_wconf 81' lang='lat' dir='ltr'><strong>principes</strong></span> <span class='ocrx_word' id='word_1_698' title='bbox 2806 2590 3172 2647; x_wconf 77' lang='lat' dir='ltr'><strong>exstiterunt:</strong></span> <span class='ocrx_word' id='word_1_699' title='bbox 3197 2589 3253 2645; x_wconf 90' lang='lat' dir='ltr'><strong>in</strong></span> <span class='ocrx_word' id='word_1_700' title='bbox 3282 2590 3369 2646; x_wconf 88' lang='lat' dir='ltr'><strong>bis</strong></span> <span class='ocrx_word' id='word_1_701' title='bbox 3390 2591 3651 2648; x_wconf 76' lang='lat' dir='ltr'><strong>omnibus</strong></span> 
     </span>
    </p>
   </div>
   <div class='ocr_carea' id='block_1_90' title="bbox 2066 2682 3671 2756">
    <p class='ocr_par' dir='ltr' id='par_1_90' title="bbox 2066 2682 3671 2756">
     <span class='ocr_line' id='line_1_91' title="bbox 2066 2682 3671 2756; baseline -0.001 -15"><span class='ocrx_word' id='word_1_702' title='bbox 2066 2683 2237 2741; x_wconf 83' lang='lat' dir='ltr'><strong>Jaeob</strong></span> <span class='ocrx_word' id='word_1_703' title='bbox 2268 2684 2555 2743; x_wconf 71' lang='lat' dir='ltr'><strong>laetabatur</strong></span> <span class='ocrx_word' id='word_1_704' title='bbox 2598 2693 2790 2756; x_wconf 60' lang='lat' dir='ltr'><strong>pater,</strong></span> <span class='ocrx_word' id='word_1_705' title='bbox 2840 2682 2982 2739; x_wconf 83' lang='lat' dir='ltr'><strong>sicut</strong></span> <span class='ocrx_word' id='word_1_706' title='bbox 3017 2691 3072 2738; x_wconf 87' lang='lat' dir='ltr'><strong>et</strong></span> <span class='ocrx_word' id='word_1_707' title='bbox 3107 2697 3254 2739; x_wconf 91' lang='lat' dir='ltr'><strong>nunc</strong></span> <span class='ocrx_word' id='word_1_708' title='bbox 3303 2683 3371 2739; x_wconf 90' lang='lat' dir='ltr'><strong>de</strong></span> <span class='ocrx_word' id='word_1_709' title='bbox 3418 2682 3671 2741; x_wconf 64' lang='lat' dir='ltr'><strong>Joannis</strong></span> 
     </span>
    </p>
   </div>
   <div class='ocr_carea' id='block_1_91' title="bbox 2068 2775 3661 2846">
    <p class='ocr_par' dir='ltr' id='par_1_91' title="bbox 2068 2775 3661 2846">
     <span class='ocr_line' id='line_1_92' title="bbox 2068 2775 3661 2846; baseline -0.002 -14"><span class='ocrx_word' id='word_1_710' title='bbox 2068 2777 2350 2833; x_wconf 86' lang='lat' dir='ltr'><strong>nativitate</strong></span> <span class='ocrx_word' id='word_1_711' title='bbox 2381 2776 2593 2832; x_wconf 87' lang='lat' dir='ltr'><strong>cunctis</strong></span> <span class='ocrx_word' id='word_1_712' title='bbox 2623 2776 2881 2846; x_wconf 83' lang='lat' dir='ltr'><strong>gaudium</strong></span> <span class='ocrx_word' id='word_1_713' title='bbox 2913 2776 3193 2831; x_wconf 87' lang='lat' dir='ltr'><strong>nuntiatur</strong></span> <span class='ocrx_word' id='word_1_714' title='bbox 3228 2791 3252 2828; x_wconf 71' lang='grc' dir='ltr'><em>τ</em></span> <span class='ocrx_word' id='word_1_715' title='bbox 3271 2786 3326 2831; x_wconf 88' lang='lat' dir='ltr'><strong>et</strong></span> <span class='ocrx_word' id='word_1_716' title='bbox 3356 2776 3450 2846; x_wconf 90' lang='lat' dir='ltr'><strong>qui</strong></span> <span class='ocrx_word' id='word_1_717' title='bbox 3481 2775 3661 2831; x_wconf 70' lang='lat' dir='ltr'><strong>semet</strong></span> 
     </span>
    </p>
   </div>
   <div class='ocr_carea' id='block_1_92' title="bbox 2068 2865 3653 2935">
    <p class='ocr_par' dir='ltr' id='par_1_92' title="bbox 2068 2865 3653 2935">
     <span class='ocr_line' id='line_1_93' title="bbox 2068 2865 3653 2935; baseline -0.003 -10"><span class='ocrx_word' id='word_1_718' title='bbox 2068 2869 2140 2925; x_wconf 92' lang='lat' dir='ltr'><strong>ob</strong></span> <span class='ocrx_word' id='word_1_719' title='bbox 2169 2867 2453 2925; x_wconf 87' lang='lat' dir='ltr'><strong>utilitatem</strong></span> <span class='ocrx_word' id='word_1_720' title='bbox 2501 2867 2736 2924; x_wconf 86' lang='lat' dir='ltr'><strong>aliorum</strong></span> <span class='ocrx_word' id='word_1_721' title='bbox 2782 2865 2850 2922; x_wconf 89' lang='lat' dir='ltr'><strong>ad</strong></span> <span class='ocrx_word' id='word_1_722' title='bbox 2886 2865 3186 2922; x_wconf 87' lang='lat' dir='ltr'><strong>liberorum</strong></span> <span class='ocrx_word' id='word_1_723' title='bbox 3217 2880 3383 2935; x_wconf 85' lang='lat' dir='ltr'><strong>opera</strong></span> <span class='ocrx_word' id='word_1_724' title='bbox 3421 2866 3653 2921; x_wconf 87' lang='lat' dir='ltr'><strong>descen-</strong></span> 
     </span>
    </p>
   </div>
   <div class='ocr_carea' id='block_1_93' title="bbox 2072 2956 3652 3028">
    <p class='ocr_par' dir='ltr' id='par_1_93' title="bbox 2072 2956 3652 3028">
     <span class='ocr_line' id='line_1_94' title="bbox 2072 2956 3652 3028; baseline -0.003 -12"><span class='ocrx_word' id='word_1_725' title='bbox 2072 2959 2231 3027; x_wconf 88' lang='lat' dir='ltr'><strong>derit,</strong></span> <span class='ocrx_word' id='word_1_726' title='bbox 2261 2967 2315 3013; x_wconf 88' lang='lat' dir='ltr'><strong>et</strong></span> <span class='ocrx_word' id='word_1_727' title='bbox 2339 2974 2399 3015; x_wconf 90' lang='lat' dir='ltr'><strong>se</strong></span> <span class='ocrx_word' id='word_1_728' title='bbox 2428 2958 2662 3015; x_wconf 88' lang='lat' dir='ltr'><strong>voluerit</strong></span> <span class='ocrx_word' id='word_1_729' title='bbox 2695 2958 2824 3014; x_wconf 92' lang='lat' dir='ltr'><strong>huic</strong></span> <span class='ocrx_word' id='word_1_730' title='bbox 2846 2956 3155 3013; x_wconf 87' lang='lat' dir='ltr'><strong>ministerio</strong></span> <span class='ocrx_word' id='word_1_731' title='bbox 3184 2958 3520 3028; x_wconf 88' lang='lat' dir='ltr'><strong>mancipare,</strong></span> <span class='ocrx_word' id='word_1_732' title='bbox 3553 2957 3652 3012; x_wconf 85' lang='lat' dir='ltr'><strong>ob—</strong></span> 
     </span>
    </p>
   </div>
   <div class='ocr_carea' id='block_1_94' title="bbox 2075 3046 3657 3121">
    <p class='ocr_par' dir='ltr' id='par_1_94' title="bbox 2075 3046 3657 3121">
     <span class='ocr_line' id='line_1_95' title="bbox 2075 3046 3657 3121; baseline -0.006 -11"><span class='ocrx_word' id='word_1_733' title='bbox 2075 3061 2252 3110; x_wconf 87' lang='lat' dir='ltr'><strong>secret</strong></span> <span class='ocrx_word' id='word_1_734' title='bbox 2275 3051 2468 3119; x_wconf 90' lang='lat' dir='ltr'><strong>Deum,</strong></span> <span class='ocrx_word' id='word_1_735' title='bbox 2494 3060 2555 3108; x_wconf 94' lang='lat' dir='ltr'><strong>ut</strong></span> <span class='ocrx_word' id='word_1_736' title='bbox 2583 3050 2708 3107; x_wconf 85' lang='lat' dir='ltr'><strong>talis</strong></span> <span class='ocrx_word' id='word_1_737' title='bbox 2737 3051 2787 3106; x_wconf 88' lang='lat' dir='ltr'><strong>ei</strong></span> <span class='ocrx_word' id='word_1_738' title='bbox 2822 3049 2969 3105; x_wconf 86' lang='lat' dir='ltr'><strong>illius</strong></span> <span class='ocrx_word' id='word_1_739' title='bbox 3001 3048 3339 3121; x_wconf 82' lang='lat' dir='ltr'><strong>ingrediatur</strong></span> <span class='ocrx_word' id='word_1_740' title='bbox 3364 3046 3657 3109; x_wconf 70' lang='lat' dir='ltr'><strong>sreculum,</strong></span> 
     </span>
    </p>
   </div>
   <div class='ocr_carea' id='block_1_95' title="bbox 2066 3137 3665 3215">
    <p class='ocr_par' dir='ltr' id='par_1_95' title="bbox 2066 3137 3665 3215">
     <span class='ocr_line' id='line_1_96' title="bbox 2066 3137 3665 3215; baseline -0.006 -14"><span class='ocrx_word' id='word_1_741' title='bbox 2066 3159 2243 3215; x_wconf 78' lang='lat' dir='ltr'><strong>super</strong></span> <span class='ocrx_word' id='word_1_742' title='bbox 2270 3145 2431 3214; x_wconf 85' lang='lat' dir='ltr'><strong>cujus</strong></span> <span class='ocrx_word' id='word_1_743' title='bbox 2455 3141 2935 3199; x_wconf 70' lang='lat' dir='ltr'><strong>nativitatehetior</strong></span> <span class='ocrx_word' id='word_1_744' title='bbox 2964 3141 3055 3198; x_wconf 87' lang='lat' dir='ltr'><strong>sit.</strong></span> <span class='ocrx_word' id='word_1_745' title='bbox 3097 3137 3370 3197; x_wconf 86' lang='lat' dir='ltr'><strong>Scribitur</strong></span> <span class='ocrx_word' id='word_1_746' title='bbox 3411 3155 3541 3209; x_wconf 87' lang='lat' dir='ltr'><strong>ergo</strong></span> <span class='ocrx_word' id='word_1_747' title='bbox 3583 3138 3665 3192; x_wconf 81' lang='lat' dir='ltr'><strong>de</strong></span> 
     </span>
    </p>
   </div>
   <div class='ocr_carea' id='block_1_96' title="bbox 2074 3226 3653 3306">
    <p class='ocr_par' dir='ltr' id='par_1_96' title="bbox 2074 3226 3653 3306">
     <span class='ocr_line' id='line_1_97' title="bbox 2074 3226 3653 3306; baseline -0.006 -15"><span class='ocrx_word' id='word_1_748' title='bbox 2074 3235 2327 3291; x_wconf 75' lang='lat' dir='ltr'><strong>Joanne:</strong></span> <span class='ocrx_word' id='word_1_749' title='bbox 2366 3234 2443 3306; x_wconf 89' lang='lat'><strong>(8)</strong></span> <span class='ocrx_word' id='word_1_750' title='bbox 2488 3233 2609 3287; x_wconf 81' lang='lat' dir='ltr'><strong>Erit</strong></span> <span class='ocrx_word' id='word_1_751' title='bbox 2644 3249 2869 3303; x_wconf 86' lang='lat' dir='ltr'><strong>magnus</strong></span> <span class='ocrx_word' id='word_1_752' title='bbox 2908 3234 2963 3286; x_wconf 85' lang='lat' dir='ltr'><strong>in</strong></span> <span class='ocrx_word' id='word_1_753' title='bbox 3008 3238 3288 3300; x_wconf 77' lang='lat' dir='ltr'><strong>conspectu</strong></span> <span class='ocrx_word' id='word_1_754' title='bbox 3328 3227 3542 3284; x_wconf 85' lang='lat' dir='ltr'><strong>Domini</strong></span> <span class='ocrx_word' id='word_1_755' title='bbox 3578 3226 3653 3281; x_wconf 81' lang='grc'><strong>’⁸.</strong></span> 
     </span>
    </p>
   </div>
   <div class='ocr_carea' id='block_1_97' title="bbox 2069 3316 3663 3398">
    <p class='ocr_par' dir='ltr' id='par_1_97' title="bbox 2069 3316 3663 3398">
     <span class='ocr_line' id='line_1_98' title="bbox 2069 3316 3663 3398; baseline -0.008 -15"><span class='ocrx_word' id='word_1_756' title='bbox 2069 3325 2500 3398; x_wconf 68' lang='lat' dir='ltr'><strong>Magnitudinem</strong></span> <span class='ocrx_word' id='word_1_757' title='bbox 2528 3323 2727 3379; x_wconf 80' lang='lat' dir='ltr'><strong>anima:</strong></span> <span class='ocrx_word' id='word_1_758' title='bbox 2753 3322 2982 3379; x_wconf 80' lang='lat' dir='ltr'><strong>Joannis</strong></span> <span class='ocrx_word' id='word_1_759' title='bbox 3010 3321 3285 3386; x_wconf 87' lang='lat' dir='ltr'><strong>ostendit,</strong></span> <span class='ocrx_word' id='word_1_760' title='bbox 3328 3335 3450 3391; x_wconf 78' lang='lat' dir='ltr'><strong>quae</strong></span> <span class='ocrx_word' id='word_1_761' title='bbox 3479 3316 3663 3373; x_wconf 83' lang='lat' dir='ltr'><strong>oculis</strong></span> 
     </span>
    </p>
   </div>
   <div class='ocr_carea' id='block_1_98' title="bbox 2077 3409 3661 3491">
    <p class='ocr_par' dir='ltr' id='par_1_98' title="bbox 2077 3409 3661 3491">
     <span class='ocr_line' id='line_1_99' title="bbox 2077 3409 3661 3491; baseline -0.007 -17"><span class='ocrx_word' id='word_1_762' title='bbox 2077 3419 2170 3475; x_wconf 88' lang='lat' dir='ltr'><strong>Dei</strong></span> <span class='ocrx_word' id='word_1_763' title='bbox 2195 3428 2379 3491; x_wconf 87' lang='lat' dir='ltr'><strong>pateat</strong></span> <span class='ocrx_word' id='word_1_764' title='bbox 2405 3437 2419 3474; x_wconf 88' lang='lat'><strong>:</strong></span> <span class='ocrx_word' id='word_1_765' title='bbox 2444 3428 2496 3474; x_wconf 91' lang='lat' dir='ltr'><strong>et</strong></span> <span class='ocrx_word' id='word_1_766' title='bbox 2518 3417 2725 3490; x_wconf 87' lang='lat' dir='ltr'><strong>aliquid</strong></span> <span class='ocrx_word' id='word_1_767' title='bbox 2748 3416 2954 3482; x_wconf 90' lang='lat' dir='ltr'><strong>minus,</strong></span> <span class='ocrx_word' id='word_1_768' title='bbox 2971 3413 3117 3484; x_wconf 87' lang='lat' dir='ltr'><strong>quod</strong></span> <span class='ocrx_word' id='word_1_769' title='bbox 3142 3411 3429 3485; x_wconf 87' lang='lat' dir='ltr'><strong>propriein</strong></span> <span class='ocrx_word' id='word_1_770' title='bbox 3460 3409 3661 3465; x_wconf 77' lang='lat' dir='ltr'><strong>anian</strong></span> 
     </span>
    </p>
   </div>
   <div class='ocr_carea' id='block_1_99' title="bbox 2075 3500 3663 3580">
    <p class='ocr_par' dir='ltr' id='par_1_99' title="bbox 2075 3500 3663 3580">
     <span class='ocr_line' id='line_1_100' title="bbox 2075 3500 3663 3580; baseline -0.006 -16"><span class='ocrx_word' id='word_1_771' title='bbox 2075 3512 2276 3566; x_wconf 82' lang='lat' dir='ltr'><strong>virtute</strong></span> <span class='ocrx_word' id='word_1_772' title='bbox 2297 3510 2650 3579; x_wconf 80' lang='lat' dir='ltr'><strong>conspicitur.</strong></span> <span class='ocrx_word' id='word_1_773' title='bbox 2690 3508 2802 3580; x_wconf 85' lang='lat' dir='ltr'><strong>Ego</strong></span> <span class='ocrx_word' id='word_1_774' title='bbox 2827 3507 2900 3562; x_wconf 89' lang='lat' dir='ltr'><strong>ita</strong></span> <span class='ocrx_word' id='word_1_775' title='bbox 2931 3504 3171 3576; x_wconf 87' lang='lat' dir='ltr'><strong>intelligo</strong></span> <span class='ocrx_word' id='word_1_776' title='bbox 3197 3512 3252 3559; x_wconf 92' lang='lat' dir='ltr'><strong>ct</strong></span> <span class='ocrx_word' id='word_1_777' title='bbox 3298 3502 3431 3558; x_wconf 89' lang='lat' dir='ltr'><strong>illud</strong></span> <span class='ocrx_word' id='word_1_778' title='bbox 3452 3543 3468 3571; x_wconf 96' lang='lat'><strong>,</strong></span> <span class='ocrx_word' id='word_1_779' title='bbox 3509 3500 3663 3573; x_wconf 76' lang='lat' dir='ltr'><strong>quod</strong></span> 
     </span>
    </p>
   </div>
   <div class='ocr_carea' id='block_1_100' title="bbox 2076 3595 3663 3670">
    <p class='ocr_par' dir='ltr' id='par_1_100' title="bbox 2076 3595 3663 3670">
     <span class='ocr_line' id='line_1_101' title="bbox 2076 3595 3663 3670; baseline -0.005 -15"><span class='ocrx_word' id='word_1_780' title='bbox 2076 3603 2132 3655; x_wconf 91' lang='lat' dir='ltr'><strong>in</strong></span> <span class='ocrx_word' id='word_1_781' title='bbox 2182 3599 2478 3670; x_wconf 77' lang='lat' dir='ltr'><strong>Evangelio</strong></span> <span class='ocrx_word' id='word_1_782' title='bbox 2513 3598 2754 3655; x_wconf 80' lang='lat' dir='ltr'><strong>dicitur:</strong></span> <span class='ocrx_word' id='word_1_783' title='bbox 2794 3595 2977 3650; x_wconf 86' lang='lat' dir='ltr'><strong>Nolite</strong></span> <span class='ocrx_word' id='word_1_784' title='bbox 3017 3605 3347 3649; x_wconf 84' lang='lat' dir='ltr'><strong>contemnere</strong></span> <span class='ocrx_word' id='word_1_785' title='bbox 3391 3609 3553 3648; x_wconf 85' lang='lat' dir='ltr'><strong>unum</strong></span> <span class='ocrx_word' id='word_1_786' title='bbox 3591 3595 3663 3648; x_wconf 82' lang='lat' dir='ltr'><strong>de</strong></span> 
     </span>
    </p>
   </div>
   <div class='ocr_carea' id='block_1_101' title="bbox 2077 3682 3665 3757">
    <p class='ocr_par' dir='ltr' id='par_1_101' title="bbox 2077 3682 3665 3757">
     <span class='ocr_line' id='line_1_102' title="bbox 2077 3682 3665 3757; baseline -0.003 -14"><span class='ocrx_word' id='word_1_787' title='bbox 2077 3689 2309 3743; x_wconf 82' lang='lat' dir='ltr'><strong>minimis</strong></span> <span class='ocrx_word' id='word_1_788' title='bbox 2337 3688 2478 3753; x_wconf 85' lang='lat' dir='ltr'><strong>istis,</strong></span> <span class='ocrx_word' id='word_1_789' title='bbox 2500 3689 2592 3757; x_wconf 88' lang='lat' dir='ltr'><strong>qui</strong></span> <span class='ocrx_word' id='word_1_790' title='bbox 2617 3687 2671 3740; x_wconf 89' lang='lat' dir='ltr'><strong>in</strong></span> <span class='ocrx_word' id='word_1_791' title='bbox 2703 3684 2942 3739; x_wconf 82' lang='lat' dir='ltr'><strong>Ecclesia</strong></span> <span class='ocrx_word' id='word_1_792' title='bbox 2969 3695 3090 3738; x_wconf 85' lang='lat' dir='ltr'><strong>sunt</strong></span> <span class='ocrx_word' id='word_1_793' title='bbox 3111 3685 3180 3738; x_wconf 84' lang='lat'><strong>&quot;.</strong></span> <span class='ocrx_word' id='word_1_794' title='bbox 3207 3682 3561 3739; x_wconf 71' lang='lat' dir='ltr'><strong>Minimusibi</strong></span> <span class='ocrx_word' id='word_1_795' title='bbox 3587 3684 3665 3738; x_wconf 76' lang='lat' dir='ltr'><strong>ad</strong></span> 
     </span>
    </p>
   </div>
   <div class='ocr_carea' id='block_1_102' title="bbox 2077 3774 3656 3847">
    <p class='ocr_par' dir='ltr' id='par_1_102' title="bbox 2077 3774 3656 3847">
     <span class='ocr_line' id='line_1_103' title="bbox 2077 3774 3656 3847; baseline -0.005 -11"><span class='ocrx_word' id='word_1_796' title='bbox 2077 3779 2483 3837; x_wconf 88' lang='lat' dir='ltr'><strong>distinctionem</strong></span> <span class='ocrx_word' id='word_1_797' title='bbox 2516 3777 2743 3846; x_wconf 83' lang='lat' dir='ltr'><strong>majoris</strong></span> <span class='ocrx_word' id='word_1_798' title='bbox 2771 3775 3114 3847; x_wconf 86' lang='lat' dir='ltr'><strong>intelligitur.</strong></span> <span class='ocrx_word' id='word_1_799' title='bbox 3145 3774 3265 3830; x_wconf 85' lang='lat' dir='ltr'><strong>Non</strong></span> <span class='ocrx_word' id='word_1_800' title='bbox 3306 3775 3441 3829; x_wconf 90' lang='lat' dir='ltr'><strong>mihi</strong></span> <span class='ocrx_word' id='word_1_801' title='bbox 3468 3777 3656 3844; x_wconf 68' lang='lat' dir='ltr'><strong>praeci-</strong></span> 
     </span>
    </p>
   </div>
   <div class='ocr_carea' id='block_1_103' title="bbox 2078 3863 3665 3943">
    <p class='ocr_par' dir='ltr' id='par_1_103' title="bbox 2078 3863 3665 3943">
     <span class='ocr_line' id='line_1_104' title="bbox 2078 3863 3665 3943; baseline -0.005 -17"><span class='ocrx_word' id='word_1_802' title='bbox 2078 3874 2247 3943; x_wconf 90' lang='lat' dir='ltr'><strong>pitur,</strong></span> <span class='ocrx_word' id='word_1_803' title='bbox 2278 3877 2338 3925; x_wconf 93' lang='lat' dir='ltr'><strong>ut</strong></span> <span class='ocrx_word' id='word_1_804' title='bbox 2358 3883 2485 3925; x_wconf 91' lang='lat' dir='ltr'><strong>cum</strong></span> <span class='ocrx_word' id='word_1_805' title='bbox 2516 3868 2612 3939; x_wconf 90' lang='lat' dir='ltr'><strong>qui</strong></span> <span class='ocrx_word' id='word_1_806' title='bbox 2639 3866 2861 3938; x_wconf 85' lang='lat' dir='ltr'><strong>grandis</strong></span> <span class='ocrx_word' id='word_1_807' title='bbox 2884 3879 2969 3922; x_wconf 91' lang='lat' dir='ltr'><strong>est</strong></span> <span class='ocrx_word' id='word_1_808' title='bbox 2991 3874 3365 3931; x_wconf 83' lang='lat' dir='ltr'><strong>contemnam,</strong></span> <span class='ocrx_word' id='word_1_809' title='bbox 3394 3863 3665 3934; x_wconf 67' lang='lat' dir='ltr'><strong>quianon</strong></span> 
     </span>
    </p>
   </div>
   <div class='ocr_carea' id='block_1_104' title="bbox 2079 3955 3658 4035">
    <p class='ocr_par' dir='ltr' id='par_1_104' title="bbox 2079 3955 3658 4035">
     <span class='ocr_line' id='line_1_105' title="bbox 2079 3955 3658 4035; baseline -0.005 -17"><span class='ocrx_word' id='word_1_810' title='bbox 2079 3970 2257 4035; x_wconf 88' lang='lat' dir='ltr'><strong>potest</strong></span> <span class='ocrx_word' id='word_1_811' title='bbox 2298 3959 2573 4017; x_wconf 86' lang='lat' dir='ltr'><strong>contemni</strong></span> <span class='ocrx_word' id='word_1_812' title='bbox 2613 3958 2706 4014; x_wconf 91' lang='lat' dir='ltr'><strong>ille</strong></span> <span class='ocrx_word' id='word_1_813' title='bbox 2759 3958 2852 4028; x_wconf 92' lang='lat' dir='ltr'><strong>qui</strong></span> <span class='ocrx_word' id='word_1_814' title='bbox 2887 3957 3106 4028; x_wconf 83' lang='lat' dir='ltr'><strong>grandis</strong></span> <span class='ocrx_word' id='word_1_815' title='bbox 3154 3966 3269 4023; x_wconf 90' lang='lat' dir='ltr'><strong>est;</strong></span> <span class='ocrx_word' id='word_1_816' title='bbox 3320 3956 3413 4012; x_wconf 90' lang='lat' dir='ltr'><strong>sed</strong></span> <span class='ocrx_word' id='word_1_817' title='bbox 3457 3955 3658 4011; x_wconf 89' lang='lat' dir='ltr'><strong>dicitur</strong></span> 
     </span>
    </p>
   </div>
   <div class='ocr_carea' id='block_1_105' title="bbox 2083 4044 3661 4121">
    <p class='ocr_par' dir='ltr' id='par_1_105' title="bbox 2083 4044 3661 4121">
     <span class='ocr_line' id='line_1_106' title="bbox 2083 4044 3661 4121; baseline -0.006 -12"><span class='ocrx_word' id='word_1_818' title='bbox 2083 4053 2248 4121; x_wconf 89' lang='lat' dir='ltr'><strong>mihi,</strong></span> <span class='ocrx_word' id='word_1_819' title='bbox 2279 4068 2349 4108; x_wconf 90' lang='lat' dir='ltr'><strong>ne</strong></span> <span class='ocrx_word' id='word_1_820' title='bbox 2384 4059 2706 4107; x_wconf 86' lang='lat' dir='ltr'><strong>contemnas</strong></span> <span class='ocrx_word' id='word_1_821' title='bbox 2735 4063 2905 4104; x_wconf 90' lang='lat' dir='ltr'><strong>unum</strong></span> <span class='ocrx_word' id='word_1_822' title='bbox 2947 4063 3015 4102; x_wconf 81' lang='lat' dir='ltr'><strong>ex</strong></span> <span class='ocrx_word' id='word_1_823' title='bbox 3044 4047 3309 4102; x_wconf 90' lang='lat' dir='ltr'><strong>minimis.</strong></span> <span class='ocrx_word' id='word_1_824' title='bbox 3375 4044 3442 4102; x_wconf 87' lang='lat' dir='ltr'><strong>Ut</strong></span> <span class='ocrx_word' id='word_1_825' title='bbox 3476 4056 3661 4102; x_wconf 81' lang='lat' dir='ltr'><strong>autem</strong></span> 
     </span>
    </p>
   </div>
   <div class='ocr_carea' id='block_1_106' title="bbox 2080 4140 3661 4219">
    <p class='ocr_par' dir='ltr' id='par_1_106' title="bbox 2080 4140 3661 4219">
     <span class='ocr_line' id='line_1_107' title="bbox 2080 4140 3661 4219; baseline -0.012 -10"><span class='ocrx_word' id='word_1_826' title='bbox 2080 4151 2255 4217; x_wconf 86' lang='lat' dir='ltr'><strong>scias,</strong></span> <span class='ocrx_word' id='word_1_827' title='bbox 2297 4146 2445 4219; x_wconf 85' lang='lat' dir='ltr'><strong>quod</strong></span> <span class='ocrx_word' id='word_1_828' title='bbox 2490 4146 2750 4201; x_wconf 83' lang='lat' dir='ltr'><strong>minimus</strong></span> <span class='ocrx_word' id='word_1_829' title='bbox 2774 4153 2830 4200; x_wconf 90' lang='lat' dir='ltr'><strong>et</strong></span> <span class='ocrx_word' id='word_1_830' title='bbox 2856 4159 3058 4215; x_wconf 90' lang='lat' dir='ltr'><strong>parvus</strong></span> <span class='ocrx_word' id='word_1_831' title='bbox 3091 4157 3198 4197; x_wconf 91' lang='lat' dir='ltr'><strong>non</strong></span> <span class='ocrx_word' id='word_1_832' title='bbox 3232 4140 3457 4197; x_wconf 80' lang='lat' dir='ltr'><strong>fortuitu</strong></span> <span class='ocrx_word' id='word_1_833' title='bbox 3509 4142 3661 4197; x_wconf 63' lang='lat' dir='ltr'><strong>dicit.</strong></span> 
     </span>
    </p>
   </div>
   <div class='ocr_carea' id='block_1_107' title="bbox 2082 4233 3657 4308">
    <p class='ocr_par' dir='ltr' id='par_1_107' title="bbox 2082 4233 3657 4308">
     <span class='ocr_line' id='line_1_108' title="bbox 2082 4233 3657 4308; baseline -0.005 -13"><span class='ocrx_word' id='word_1_834' title='bbox 2082 4251 2201 4308; x_wconf 89' lang='lat' dir='ltr'><strong>tur,</strong></span> <span class='ocrx_word' id='word_1_835' title='bbox 2230 4241 2325 4295; x_wconf 85' lang='lat' dir='ltr'><strong>sed</strong></span> <span class='ocrx_word' id='word_1_836' title='bbox 2348 4253 2474 4294; x_wconf 83' lang='lat' dir='ltr'><strong>cum</strong></span> <span class='ocrx_word' id='word_1_837' title='bbox 2504 4252 2573 4293; x_wconf 83' lang='lat' dir='ltr'><strong>ea</strong></span> <span class='ocrx_word' id='word_1_838' title='bbox 2594 4237 2826 4301; x_wconf 89' lang='lat' dir='ltr'><strong>ratione,</strong></span> <span class='ocrx_word' id='word_1_839' title='bbox 2856 4251 3020 4305; x_wconf 88' lang='lat' dir='ltr'><strong>quam</strong></span> <span class='ocrx_word' id='word_1_840' title='bbox 3052 4233 3369 4304; x_wconf 86' lang='lat' dir='ltr'><strong>posuimus.</strong></span> <span class='ocrx_word' id='word_1_841' title='bbox 3393 4233 3657 4303; x_wconf 88' lang='lat' dir='ltr'><strong>scriptum</strong></span> 
     </span>
    </p>
   </div>
   <div class='ocr_carea' id='block_1_108' title="bbox 2080 4322 3660 4398">
    <p class='ocr_par' dir='ltr' id='par_1_108' title="bbox 2080 4322 3660 4398">
     <span class='ocr_line' id='line_1_109' title="bbox 2080 4322 3660 4398; baseline -0.006 -12"><span class='ocrx_word' id='word_1_842' title='bbox 2080 4340 2209 4386; x_wconf 88' lang='lat' dir='ltr'><strong>est:</strong></span> <span class='ocrx_word' id='word_1_843' title='bbox 2259 4328 2569 4398; x_wconf 81' lang='lat' dir='ltr'><strong>Quicunque</strong></span> <span class='ocrx_word' id='word_1_844' title='bbox 2603 4326 3052 4380; x_wconf 76' lang='lat' dir='ltr'><strong>scandalizaverit</strong></span> <span class='ocrx_word' id='word_1_845' title='bbox 3105 4339 3268 4378; x_wconf 86' lang='lat' dir='ltr'><strong>unum</strong></span> <span class='ocrx_word' id='word_1_846' title='bbox 3309 4324 3375 4378; x_wconf 90' lang='lat' dir='ltr'><strong>de</strong></span> <span class='ocrx_word' id='word_1_847' title='bbox 3420 4322 3660 4378; x_wconf 82' lang='lat' dir='ltr'><strong>minimis</strong></span> 
     </span>
    </p>
   </div>
   <div class='ocr_carea' id='block_1_109' title="bbox 2082 4416 3666 4489">
    <p class='ocr_par' dir='ltr' id='par_1_109' title="bbox 2082 4416 3666 4489">
     <span class='ocr_line' id='line_1_110' title="bbox 2082 4416 3666 4489; baseline -0.003 -13"><span class='ocrx_word' id='word_1_848' title='bbox 2082 4422 2202 4477; x_wconf 84' lang='lat' dir='ltr'><strong>istis</strong></span> <span class='ocrx_word' id='word_1_849' title='bbox 2229 4422 2300 4476; x_wconf 76' lang='grc' dir='ltr'><strong>τ’.</strong></span> <span class='ocrx_word' id='word_1_850' title='bbox 2326 4419 2586 4474; x_wconf 76' lang='lat' dir='ltr'><strong>Minimus</strong></span> <span class='ocrx_word' id='word_1_851' title='bbox 2620 4418 3044 4486; x_wconf 85' lang='lat' dir='ltr'><strong>scandalizatur,</strong></span> <span class='ocrx_word' id='word_1_852' title='bbox 3084 4416 3307 4489; x_wconf 87' lang='lat' dir='ltr'><strong>grandis</strong></span> <span class='ocrx_word' id='word_1_853' title='bbox 3336 4431 3444 4473; x_wconf 87' lang='lat' dir='ltr'><strong>non</strong></span> <span class='ocrx_word' id='word_1_854' title='bbox 3484 4425 3666 4487; x_wconf 79' lang='lat' dir='ltr'><strong>potest</strong></span> 
     </span>
    </p>
   </div>
   <div class='ocr_carea' id='block_1_110' title="bbox 2579 4528 2862 4585">
    <p class='ocr_par' dir='ltr' id='par_1_110' title="bbox 2579 4528 2862 4585">
     <span class='ocr_line' id='line_1_111' title="bbox 2579 4528 2862 4585; baseline 0.004 -1"><span class='ocrx_word' id='word_1_855' title='bbox 2579 4530 2626 4561; x_wconf 78' lang='grc'><strong>⁷³</strong></span> <span class='ocrx_word' id='word_1_856' title='bbox 2648 4528 2774 4585; x_wconf 89' lang='lat' dir='ltr'><strong>ibid.</strong></span> <span class='ocrx_word' id='word_1_857' title='bbox 2806 4529 2862 4585; x_wconf 61' lang='grc' dir='ltr'><strong>(λ</strong></span> 
     </span>
    </p>
   </div>
   <div class='ocr_carea' id='block_1_111' title="bbox 3245 4616 3660 4689">
    <p class='ocr_par' dir='ltr' id='par_1_111' title="bbox 3245 4616 3660 4689">
     <span class='ocr_line' id='line_1_112' title="bbox 3245 4616 3660 4689; baseline 0.005 -18"><span class='ocrx_word' id='word_1_858' title='bbox 3245 4636 3273 4683; x_wconf 93' lang='grc' dir='ltr'><strong><em>ς</em></strong></span> <span class='ocrx_word' id='word_1_859' title='bbox 3302 4616 3501 4689; x_wconf 73' lang='grc' dir='ltr'><strong>ψυχῆς.</strong></span> <span class='ocrx_word' id='word_1_860' title='bbox 3520 4618 3660 4687; x_wconf 71' lang='grc' dir='ltr'><strong>Ἐγὼ</strong></span> 
     </span>
    </p>
   </div>
   <div class='ocr_carea' id='block_1_112' title="bbox 2080 4689 3664 4761">
    <p class='ocr_par' dir='ltr' id='par_1_112' title="bbox 2080 4689 3664 4761">
     <span class='ocr_line' id='line_1_113' title="bbox 2080 4689 3664 4761; baseline -0.017 -13"><span class='ocrx_word' id='word_1_861' title='bbox 2080 4689 2260 4757; x_wconf 70' lang='grc' dir='ltr'><strong>ὅῦτως</strong></span> <span class='ocrx_word' id='word_1_862' title='bbox 2291 4689 2475 4747; x_wconf 72' lang='lat' dir='ltr'><strong>dixon</strong></span> <span class='ocrx_word' id='word_1_863' title='bbox 2501 4689 2597 4761; x_wconf 54' lang='lat' dir='ltr'><strong>i033</strong></span> <span class='ocrx_word' id='word_1_864' title='bbox 2639 4692 2698 4743; x_wconf 78' lang='grc' dir='ltr'><strong>ἐν</strong></span> <span class='ocrx_word' id='word_1_865' title='bbox 2728 4689 2805 4760; x_wconf 78' lang='grc' dir='ltr'>τῷ</span> <span class='ocrx_word' id='word_1_866' title='bbox 2846 4689 3164 4761; x_wconf 60' lang='grc' dir='ltr'><strong>Ιῇὺαγγελίῳ</strong></span> <span class='ocrx_word' id='word_1_867' title='bbox 3183 4706 3195 4719; x_wconf 86' lang='lat'><strong>-</strong></span> <span class='ocrx_word' id='word_1_868' title='bbox 3226 4689 3325 4761; x_wconf 69' lang='grc' dir='ltr'><strong>Μὴ</strong></span> <span class='ocrx_word' id='word_1_869' title='bbox 3353 4705 3664 4761; x_wconf 33' lang='lat' dir='ltr'><strong>fama,“</strong></span> 
     </span>
    </p>
   </div>
   <div class='ocr_carea' id='block_1_113' title="bbox 2086 4757 3662 4831">
    <p class='ocr_par' dir='ltr' id='par_1_113' title="bbox 2086 4757 3662 4831">
     <span class='ocr_line' id='line_1_114' title="bbox 2086 4757 3662 4831; baseline -0.004 -13"><span class='ocrx_word' id='word_1_870' title='bbox 2086 4763 2314 4831; x_wconf 77' lang='grc' dir='ltr'><strong>νήσητε</strong></span> <span class='ocrx_word' id='word_1_871' title='bbox 2347 4762 2484 4826; x_wconf 77' lang='grc' dir='ltr'><strong>ἑνὸς</strong></span> <span class='ocrx_word' id='word_1_872' title='bbox 2508 4758 2633 4831; x_wconf 78' lang='grc' dir='ltr'><strong>τῶν</strong></span> <span class='ocrx_word' id='word_1_873' title='bbox 2660 4757 2930 4831; x_wconf 67' lang='grc' dir='ltr'><strong>σμιᾷιρῷν</strong></span> <span class='ocrx_word' id='word_1_874' title='bbox 2960 4757 3192 4831; x_wconf 59' lang='lat' dir='ltr'><strong>eodem:</strong></span> <span class='ocrx_word' id='word_1_875' title='bbox 3210 4760 3279 4813; x_wconf 83' lang='grc' dir='ltr'><strong>ἐν</strong></span> <span class='ocrx_word' id='word_1_876' title='bbox 3304 4757 3392 4831; x_wconf 63' lang='grc' dir='ltr'><strong>τῇΔ</strong></span> <span class='ocrx_word' id='word_1_877' title='bbox 3416 4760 3662 4831; x_wconf 60' lang='grc' dir='ltr'><strong>Ἐθρθςλη-</strong></span> 
     </span>
    </p>
   </div>
   <div class='ocr_carea' id='block_1_114' title="bbox 2086 4827 3663 4904">
    <p class='ocr_par' dir='ltr' id='par_1_114' title="bbox 2086 4827 3663 4904">
     <span class='ocr_line' id='line_1_115' title="bbox 2086 4827 3663 4904; baseline -0.002 -17"><span class='ocrx_word' id='word_1_878' title='bbox 2086 4827 2212 4902; x_wconf 76' lang='grc' dir='ltr'><strong>σίᾳ.</strong></span> <span class='ocrx_word' id='word_1_879' title='bbox 2232 4827 2442 4904; x_wconf 72' lang='grc' dir='ltr'><strong>Μικρὸν</strong></span> <span class='ocrx_word' id='word_1_880' title='bbox 2457 4830 2567 4904; x_wconf 74' lang='grc' dir='ltr'><strong>γᾴρ</strong></span> <span class='ocrx_word' id='word_1_881' title='bbox 2599 4827 2715 4904; x_wconf 47' lang='grc' dir='ltr'><strong>ἐκεῖ</strong></span> <span class='ocrx_word' id='word_1_882' title='bbox 2738 4829 2829 4881; x_wconf 80' lang='grc' dir='ltr'><strong>τδν</strong></span> <span class='ocrx_word' id='word_1_883' title='bbox 2860 4829 3099 4904; x_wconf 58' lang='grc' dir='ltr'><strong>ξνᾳντίον</strong></span> <span class='ocrx_word' id='word_1_884' title='bbox 3118 4828 3204 4904; x_wconf 49' lang='grc' dir='ltr'><strong>Ξῖ)</strong></span> <span class='ocrx_word' id='word_1_885' title='bbox 3236 4827 3663 4904; x_wconf 42' lang='grc' dir='ltr'><strong>μεγάλῳ-λέχει.</strong></span> 
     </span>
    </p>
   </div>
   <div class='ocr_carea' id='block_1_115' title="bbox 2088 4898 3669 4977">
    <p class='ocr_par' dir='ltr' id='par_1_115' title="bbox 2088 4898 3669 4977">
     <span class='ocr_line' id='line_1_116' title="bbox 2088 4898 3669 4977; baseline 0.001 0"><span class='ocrx_word' id='word_1_886' title='bbox 2088 4898 2211 4977; x_wconf 60' lang='grc' dir='ltr'><strong>ῑωι</strong></span> <span class='ocrx_word' id='word_1_887' title='bbox 2251 4902 2307 4955; x_wconf 60' lang='grc' dir='ltr'><strong>δὲ</strong></span> <span class='ocrx_word' id='word_1_888' title='bbox 2337 4898 2375 4977; x_wconf 63' lang='lat'><strong>6:</strong></span> <span class='ocrx_word' id='word_1_889' title='bbox 2397 4898 2577 4977; x_wconf 57' lang='grc' dir='ltr'>τριῶν</span> <span class='ocrx_word' id='word_1_890' title='bbox 2612 4899 2673 4977; x_wconf 64' lang='grc' dir='ltr'><strong>ρει</strong></span> <span class='ocrx_word' id='word_1_891' title='bbox 2710 4899 2903 4977; x_wconf 67' lang='grc' dir='ltr'><strong>μικράς</strong></span> <span class='ocrx_word' id='word_1_892' title='bbox 2927 4898 3363 4977; x_wconf 33' lang='lat' dir='ltr'><strong>mnsam</strong></span> <span class='ocrx_word' id='word_1_893' title='bbox 3397 4898 3669 4977; x_wconf 58' lang='grc' dir='ltr'><strong>τοξςῖος</strong></span> 
     </span>
    </p>
   </div>
   <div class='ocr_carea' id='block_1_116' title="bbox 2084 4966 3670 5054">
    <p class='ocr_par' dir='ltr' id='par_1_116' title="bbox 2084 4966 3670 5054">
     <span class='ocr_line' id='line_1_117' title="bbox 2084 4966 3670 5054; baseline -0.003 -27"><span class='ocrx_word' id='word_1_894' title='bbox 2084 4969 2161 5054; x_wconf 53' lang='grc' dir='ltr'><strong>ἃς·</strong></span> <span class='ocrx_word' id='word_1_895' title='bbox 2184 4966 2722 5054; x_wconf 16' lang='grc' dir='ltr'><strong>σθεανδαλξὸξηνὲναή</strong></span> <span class='ocrx_word' id='word_1_896' title='bbox 2746 4966 2869 5054; x_wconf 46' lang='lat' dir='ltr'><strong>rei):</strong></span> <span class='ocrx_word' id='word_1_897' title='bbox 2884 4966 3155 5054; x_wconf 58' lang='grc' dir='ltr'><strong>ρέιικρῶν</strong></span> <span class='ocrx_word' id='word_1_898' title='bbox 3169 4966 3429 5054; x_wconf 55' lang='lat' dir='ltr'><strong>teritum.</strong></span> <span class='ocrx_word' id='word_1_899' title='bbox 3469 4967 3670 5054; x_wconf 42' lang='lat' dir='ltr'><strong>Mé‘f&#39;z;</strong></span> 
     </span>
    </p>
   </div>
   <div class='ocr_carea' id='block_1_117' title="bbox 2083 5037 3664 5113">
    <p class='ocr_par' dir='ltr' id='par_1_117' title="bbox 2083 5037 3664 5113">
     <span class='ocr_line' id='line_1_118' title="bbox 2083 5037 3664 5113; baseline -0.002 -19"><span class='ocrx_word' id='word_1_900' title='bbox 2083 5041 2192 5113; x_wconf 64' lang='grc' dir='ltr'><strong>γὰρ</strong></span> <span class='ocrx_word' id='word_1_901' title='bbox 2219 5041 2279 5094; x_wconf 74' lang='grc' dir='ltr'>οὐ</span> <span class='ocrx_word' id='word_1_902' title='bbox 2311 5037 2760 5113; x_wconf 53' lang='grc' dir='ltr'><strong>ᾳκανδαλίζξτᾳιί</strong></span> <span class='ocrx_word' id='word_1_903' title='bbox 2784 5038 2959 5113; x_wconf 55' lang='grc' dir='ltr'><strong>ἀλλ’ᾼό</strong></span> <span class='ocrx_word' id='word_1_904' title='bbox 2991 5038 3163 5109; x_wconf 81' lang='grc' dir='ltr'><strong>μέγας</strong></span> <span class='ocrx_word' id='word_1_905' title='bbox 3197 5037 3392 5113; x_wconf 66' lang='grc' dir='ltr'><strong>πανιεὸς</strong></span> <span class='ocrx_word' id='word_1_906' title='bbox 3425 5037 3664 5113; x_wconf 58' lang='grc' dir='ltr'><strong>ξηιανδὰ-</strong></span> 
     </span>
    </p>
   </div>
   <div class='ocr_carea' id='block_1_118' title="bbox 2083 5106 3660 5182">
    <p class='ocr_par' dir='ltr' id='par_1_118' title="bbox 2083 5106 3660 5182">
     <span class='ocr_line' id='line_1_119' title="bbox 2083 5106 3660 5182; baseline -0.003 -18"><span class='ocrx_word' id='word_1_907' title='bbox 2083 5106 2176 5164; x_wconf 52' lang='lat' dir='ltr'><strong>{ou</strong></span> <span class='ocrx_word' id='word_1_908' title='bbox 2212 5111 2475 5182; x_wconf 82' lang='grc' dir='ltr'><strong>κρείττων</strong></span> <span class='ocrx_word' id='word_1_909' title='bbox 2508 5109 2789 5182; x_wconf 63' lang='lat' dir='ltr'><strong>sort._l&#39;2rit</strong></span> <span class='ocrx_word' id='word_1_910' title='bbox 2830 5106 3261 5182; x_wconf 59' lang='lat' dir='ltr'><strong>enim&#39;magnus.</strong></span> <span class='ocrx_word' id='word_1_911' title='bbox 3300 5106 3369 5160; x_wconf 82' lang='lat' dir='ltr'><strong>In</strong></span> <span class='ocrx_word' id='word_1_912' title='bbox 3408 5108 3660 5182; x_wconf 74' lang='lat' dir='ltr'><strong>_Iiis__ma-</strong></span> 
     </span>
    </p>
   </div>
   <div class='ocr_carea' id='block_1_119' title="bbox 2088 5177 3658 5252">
    <p class='ocr_par' dir='ltr' id='par_1_119' title="bbox 2088 5177 3658 5252">
     <span class='ocr_line' id='line_1_120' title="bbox 2088 5177 3658 5252; baseline -0.004 -18"><span class='ocrx_word' id='word_1_913' title='bbox 2088 5177 2415 5252; x_wconf 78' lang='lat' dir='ltr'><strong>gnitudinem</strong></span> <span class='ocrx_word' id='word_1_914' title='bbox 2437 5180 2629 5233; x_wconf 76' lang='lat' dir='ltr'><strong>anima:</strong></span> <span class='ocrx_word' id='word_1_915' title='bbox 2642 5178 2869 5252; x_wconf 69' lang='lat' dir='ltr'><strong>Joannis</strong></span> <span class='ocrx_word' id='word_1_916' title='bbox 2899 5180 3215 5252; x_wconf 58' lang='lat' dir='ltr'><strong>ostendit,“</strong></span> <span class='ocrx_word' id='word_1_917' title='bbox 3243 5177 3658 5252; x_wconf 76' lang='lat' dir='ltr'><strong>magnitudinem</strong></span> 
     </span>
    </p>
   </div>
   <div class='ocr_carea' id='block_1_120' title="bbox 2084 5246 3659 5320">
    <p class='ocr_par' dir='ltr' id='par_1_120' title="bbox 2084 5246 3659 5320">
     <span class='ocr_line' id='line_1_121' title="bbox 2084 5246 3659 5320; baseline -0.003 -17"><span class='ocrx_word' id='word_1_918' title='bbox 2084 5246 2202 5320; x_wconf 73' lang='lat' dir='ltr'><strong>qua:</strong></span> <span class='ocrx_word' id='word_1_919' title='bbox 2221 5268 2253 5303; x_wconf 90' lang='lat' dir='ltr'><strong>a</strong></span> <span class='ocrx_word' id='word_1_920' title='bbox 2276 5250 2378 5304; x_wconf 85' lang='lat' dir='ltr'><strong>Deo</strong></span> <span class='ocrx_word' id='word_1_921' title='bbox 2397 5252 2646 5303; x_wconf 85' lang='lat' dir='ltr'><strong>cernitur.</strong></span> <span class='ocrx_word' id='word_1_922' title='bbox 2665 5247 2760 5302; x_wconf 81' lang='lat' dir='ltr'><strong>Est</strong></span> <span class='ocrx_word' id='word_1_923' title='bbox 2778 5248 2918 5320; x_wconf 77' lang='lat' dir='ltr'><strong>enim</strong></span> <span class='ocrx_word' id='word_1_924' title='bbox 2944 5248 3123 5319; x_wconf 87' lang='lat' dir='ltr'><strong>aliqua</strong></span> <span class='ocrx_word' id='word_1_925' title='bbox 3144 5246 3450 5320; x_wconf 74' lang='lat' dir='ltr'><strong>magnitudo</strong></span> <span class='ocrx_word' id='word_1_926' title='bbox 3466 5248 3659 5320; x_wconf 61' lang='lat' dir='ltr'><strong>auium:</strong></span> 
     </span>
    </p>
   </div>
   <div class='ocr_carea' id='block_1_121' title="bbox 2086 5315 3658 5389">
    <p class='ocr_par' dir='ltr' id='par_1_121' title="bbox 2086 5315 3658 5389">
     <span class='ocr_line' id='line_1_122' title="bbox 2086 5315 3658 5389; baseline -0.003 -15"><span class='ocrx_word' id='word_1_927' title='bbox 2086 5315 2369 5374; x_wconf 74' lang='lat' dir='ltr'><strong>secundum</strong></span> <span class='ocrx_word' id='word_1_928' title='bbox 2395 5321 2721 5389; x_wconf 76' lang='lat' dir='ltr'><strong>oirtutem,e_t</strong></span> <span class='ocrx_word' id='word_1_929' title='bbox 2744 5326 2820 5371; x_wconf 80' lang='lat' dir='ltr'><strong>est</strong></span> <span class='ocrx_word' id='word_1_930' title='bbox 2844 5315 3245 5389; x_wconf 63' lang='lat' dir='ltr'><strong>aliqua&#39;animai</strong></span> <span class='ocrx_word' id='word_1_931' title='bbox 3264 5317 3518 5389; x_wconf 69' lang='lat' dir='ltr'><strong>paruitas.</strong></span> <span class='ocrx_word' id='word_1_932' title='bbox 3544 5315 3658 5387; x_wconf 67' lang='lat' dir='ltr'><strong>ligo</strong></span> 
     </span>
    </p>
   </div>
   <div class='ocr_carea' id='block_1_122' title="bbox 2086 5385 3660 5459">
    <p class='ocr_par' dir='ltr' id='par_1_122' title="bbox 2086 5385 3660 5459">
     <span class='ocr_line' id='line_1_123' title="bbox 2086 5385 3660 5459; baseline -0.003 -15"><span class='ocrx_word' id='word_1_933' title='bbox 2086 5392 2164 5445; x_wconf 85' lang='lat' dir='ltr'><strong>sic</strong></span> <span class='ocrx_word' id='word_1_934' title='bbox 2187 5390 2388 5459; x_wconf 79' lang='lat' dir='ltr'><strong>accipio</strong></span> <span class='ocrx_word' id='word_1_935' title='bbox 2419 5389 2558 5459; x_wconf 86' lang='lat' dir='ltr'><strong>quod</strong></span> <span class='ocrx_word' id='word_1_936' title='bbox 2587 5389 2641 5441; x_wconf 86' lang='lat' dir='ltr'><strong>in</strong></span> <span class='ocrx_word' id='word_1_937' title='bbox 2671 5385 2954 5459; x_wconf 70' lang='lat' dir='ltr'><strong>Evangelia</strong></span> <span class='ocrx_word' id='word_1_938' title='bbox 2980 5388 3238 5458; x_wconf 82' lang='lat' dir='ltr'><strong>scriptam</strong></span> <span class='ocrx_word' id='word_1_939' title='bbox 3276 5395 3355 5459; x_wconf 83' lang='lat' dir='ltr'><strong>est</strong></span> <span class='ocrx_word' id='word_1_940' title='bbox 3376 5385 3660 5459; x_wconf 78' lang='lat' dir='ltr'><strong>:_Ne_co_ii-</strong></span> 
     </span>
    </p>
   </div>
   <div class='ocr_carea' id='block_1_123' title="bbox 2086 5455 3656 5528">
    <p class='ocr_par' dir='ltr' id='par_1_123' title="bbox 2086 5455 3656 5528">
     <span class='ocr_line' id='line_1_124' title="bbox 2086 5455 3656 5528; baseline -0.001 -14"><span class='ocrx_word' id='word_1_941' title='bbox 2086 5455 2343 5514; x_wconf 83' lang='lat' dir='ltr'><strong>tetnnatis</strong></span> <span class='ocrx_word' id='word_1_942' title='bbox 2374 5455 2542 5514; x_wconf 84' lang='lat' dir='ltr'><strong>unum</strong></span> <span class='ocrx_word' id='word_1_943' title='bbox 2569 5473 2634 5513; x_wconf 79' lang='lat' dir='ltr'><strong>ex</strong></span> <span class='ocrx_word' id='word_1_944' title='bbox 2663 5458 2749 5528; x_wconf 89' lang='lat' dir='ltr'><strong>bis</strong></span> <span class='ocrx_word' id='word_1_945' title='bbox 2773 5455 2985 5528; x_wconf 83' lang='lat' dir='ltr'><strong>pusillis</strong></span> <span class='ocrx_word' id='word_1_946' title='bbox 3012 5455 3104 5528; x_wconf 86' lang='lat' dir='ltr'><strong>qui</strong></span> <span class='ocrx_word' id='word_1_947' title='bbox 3148 5464 3277 5528; x_wconf 90' lang='lat' dir='ltr'><strong>sunt</strong></span> <span class='ocrx_word' id='word_1_948' title='bbox 3306 5458 3359 5511; x_wconf 91' lang='lat' dir='ltr'><strong>in</strong></span> <span class='ocrx_word' id='word_1_949' title='bbox 3390 5455 3656 5512; x_wconf 79' lang='lat' dir='ltr'><strong>Ecclesia.</strong></span> 
     </span>
    </p>
   </div>
   <div class='ocr_carea' id='block_1_124' title="bbox 2089 5527 3661 5598">
    <p class='ocr_par' dir='ltr' id='par_1_124' title="bbox 2089 5527 3661 5598">
     <span class='ocr_line' id='line_1_125' title="bbox 2089 5527 3661 5598; baseline -0.001 -16"><span class='ocrx_word' id='word_1_950' title='bbox 2089 5528 2359 5584; x_wconf 82' lang='lat' dir='ltr'><strong>Pusillum</strong></span> <span class='ocrx_word' id='word_1_951' title='bbox 2390 5531 2529 5582; x_wconf 84' lang='lat' dir='ltr'><strong>enim</strong></span> <span class='ocrx_word' id='word_1_952' title='bbox 2568 5528 2664 5581; x_wconf 84' lang='lat' dir='ltr'><strong>hoc</strong></span> <span class='ocrx_word' id='word_1_953' title='bbox 2699 5527 2813 5581; x_wconf 79' lang='lat' dir='ltr'><strong>loco</strong></span> <span class='ocrx_word' id='word_1_954' title='bbox 2845 5527 2976 5598; x_wconf 84' lang='lat' dir='ltr'><strong>dicit</strong></span> <span class='ocrx_word' id='word_1_955' title='bbox 3006 5527 3125 5582; x_wconf 84' lang='lat' dir='ltr'><strong>eum</strong></span> <span class='ocrx_word' id='word_1_956' title='bbox 3162 5527 3254 5598; x_wconf 85' lang='lat' dir='ltr'><strong>qui</strong></span> <span class='ocrx_word' id='word_1_957' title='bbox 3288 5542 3474 5598; x_wconf 86' lang='lat' dir='ltr'><strong>magno</strong></span> <span class='ocrx_word' id='word_1_958' title='bbox 3499 5541 3661 5596; x_wconf 55' lang='lat' dir='ltr'><strong>oppo-a</strong></span> 
     </span>
    </p>
   </div>
   <div class='ocr_carea' id='block_1_125' title="bbox 2089 5596 3660 5668">
    <p class='ocr_par' dir='ltr' id='par_1_125' title="bbox 2089 5596 3660 5668">
     <span class='ocr_line' id='line_1_126' title="bbox 2089 5596 3660 5668; baseline -0.001 -16"><span class='ocrx_word' id='word_1_959' title='bbox 2089 5602 2257 5654; x_wconf 85' lang='lat' dir='ltr'><strong>nitur.</strong></span> <span class='ocrx_word' id='word_1_960' title='bbox 2282 5597 2440 5662; x_wconf 85' lang='lat' dir='ltr'><strong>Quod</strong></span> <span class='ocrx_word' id='word_1_961' title='bbox 2470 5608 2774 5653; x_wconf 86' lang='lat' dir='ltr'><strong>autemnon</strong></span> <span class='ocrx_word' id='word_1_962' title='bbox 2798 5596 3019 5668; x_wconf 84' lang='lat' dir='ltr'><strong>quilibet</strong></span> <span class='ocrx_word' id='word_1_963' title='bbox 3050 5596 3242 5668; x_wconf 70' lang='lat' dir='ltr'><strong>parcus</strong></span> <span class='ocrx_word' id='word_1_964' title='bbox 3282 5597 3381 5662; x_wconf 87' lang='lat' dir='ltr'><strong>sit,</strong></span> <span class='ocrx_word' id='word_1_965' title='bbox 3408 5597 3567 5667; x_wconf 84' lang='lat' dir='ltr'><strong>liquet</strong></span> <span class='ocrx_word' id='word_1_966' title='bbox 3593 5608 3660 5650; x_wconf 73' lang='lat' dir='ltr'><strong>ea:</strong></span> 
     </span>
    </p>
   </div>
   <div class='ocr_carea' id='block_1_126' title="bbox 2088 5667 3654 5738">
    <p class='ocr_par' dir='ltr' id='par_1_126' title="bbox 2088 5667 3654 5738">
     <span class='ocr_line' id='line_1_127' title="bbox 2088 5667 3654 5738; baseline -0.003 -15"><span class='ocrx_word' id='word_1_967' title='bbox 2088 5671 2211 5724; x_wconf 88' lang='lat' dir='ltr'><strong>his:</strong></span> <span class='ocrx_word' id='word_1_968' title='bbox 2242 5669 2566 5738; x_wconf 87' lang='lat' dir='ltr'><strong>Quicunque</strong></span> <span class='ocrx_word' id='word_1_969' title='bbox 2609 5667 3057 5722; x_wconf 83' lang='lat' dir='ltr'><strong>scandalizaverit</strong></span> <span class='ocrx_word' id='word_1_970' title='bbox 3091 5683 3259 5722; x_wconf 90' lang='lat' dir='ltr'><strong>unum</strong></span> <span class='ocrx_word' id='word_1_971' title='bbox 3293 5681 3358 5721; x_wconf 80' lang='lat' dir='ltr'><strong>ex</strong></span> <span class='ocrx_word' id='word_1_972' title='bbox 3401 5669 3486 5722; x_wconf 87' lang='lat' dir='ltr'><strong>his</strong></span> <span class='ocrx_word' id='word_1_973' title='bbox 3527 5681 3654 5738; x_wconf 49' lang='lat' dir='ltr'><strong>pana</strong></span> 
     </span>
    </p>
   </div>
   <div class='ocr_carea' id='block_1_127' title="bbox 2090 5736 3671 5807">
    <p class='ocr_par' dir='ltr' id='par_1_127' title="bbox 2090 5736 3671 5807">
     <span class='ocr_line' id='line_1_128' title="bbox 2090 5736 3671 5807; baseline -0.001 -14"><span class='ocrx_word' id='word_1_974' title='bbox 2090 5740 2249 5794; x_wconf 81' lang='lat' dir='ltr'><strong>vnlis.</strong></span> <span class='ocrx_word' id='word_1_975' title='bbox 2284 5736 2510 5807; x_wconf 80' lang='lat' dir='ltr'><strong>Magnus</strong></span> <span class='ocrx_word' id='word_1_976' title='bbox 2536 5739 2679 5807; x_wconf 79' lang='lat' dir='ltr'><strong>enim</strong></span> <span class='ocrx_word' id='word_1_977' title='bbox 2702 5752 2804 5789; x_wconf 85' lang='lat' dir='ltr'><strong>non</strong></span> <span class='ocrx_word' id='word_1_978' title='bbox 2828 5738 3262 5805; x_wconf 76' lang='lat' dir='ltr'><strong>scandalizatur,</strong></span> <span class='ocrx_word' id='word_1_979' title='bbox 3289 5738 3377 5793; x_wconf 79' lang='lat' dir='ltr'><strong>sed</strong></span> <span class='ocrx_word' id='word_1_980' title='bbox 3413 5745 3487 5793; x_wconf 78' lang='lat' dir='ltr'><strong>est</strong></span> <span class='ocrx_word' id='word_1_981' title='bbox 3517 5736 3671 5792; x_wconf 66' lang='lat' dir='ltr'><strong>omni</strong></span> 
     </span>
    </p>
   </div>
   <div class='ocr_carea' id='block_1_128' title="bbox 2090 5805 2880 5881">
    <p class='ocr_par' dir='ltr' id='par_1_128' title="bbox 2090 5805 2880 5881">
     <span class='ocr_line' id='line_1_129' title="bbox 2090 5805 2880 5881; baseline -0.008 -15"><span class='ocrx_word' id='word_1_982' title='bbox 2090 5809 2341 5866; x_wconf 83' lang='lat' dir='ltr'><strong>scandala</strong></span> <span class='ocrx_word' id='word_1_983' title='bbox 2375 5805 2632 5881; x_wconf 68' lang='lat' dir='ltr'><strong>superior.</strong></span> <span class='ocrx_word' id='word_1_984' title='bbox 2663 5805 2880 5864; x_wconf 59' lang='lat' dir='ltr'><strong>lidius.</strong></span> 
     </span>
    </p>
   </div>
  </div>
