4084 6302
444 255 584 318 ists
1734 259 1741 264 ‘
1893 263 2219 341 ontoms
2380 272 2385 275 λ
3564 273 3711 335 ίεισ

440 385 595 450 p'um
654 387 851 451 reperi,
895 378 1167 454 lgnatium
1200 376 1323 440 dico
1360 382 1674 459 episcopum
1713 387 2015 445 Antiochia:
2043 391 2089 448 Λ
2119 390 2234 444 ait:
2260 389 2579 461 Aoe,gratia
2605 389 2780 461 plena,
2805 391 2949 462 quod
2970 391 3086 463 (l7)
3102 391 3287 448 Graece
3304 368 3713 463 (ἷίεἰίιη-,κεχριὲ

445 478 568 541 post
597 470 817 527 Petrum
843 474 1163 542 secundum,
1186 476 1278 545 qui
1326 476 1382 531 in
1430 479 1807 549 persecutione
1838 473 2025 536 Romae
2129 481 2428 553 ptrwpév-q,
2457 481 2548 537 ubi
2601 483 2656 537 in
2687 482 2987 554 Seripturis
3028 485 3156 540 alibi
3196 483 3416 553 legerint
3461 499 3570 538 non
3616 499 3711 540 re-

447 563 706 634 pugnavit
726 560 793 617 ad
824 562 1070 619 bestias:
1103 563 1410 638 Principem
1454 569 1641 625 sze'culi
1672 570 1836 640 hujus
1867 571 2025 627 latuit
2124 576 2359 643 cordor;
2392 575 2487 631 sed
2521 585 2700 645 neque
2726 575 2793 630 ad
2830 576 3008 631 virum
3037 568 3345 630 istiusmodi
3384 589 3566 630 sermo
3592 584 3708 643 est,

443 654 731 723 virginitas
763 650 947 710 Haria:
971 673 986 709 :
1012 655 1168 712 latuit
1189 667 1408 729 propter
1438 656 1638 730 Jusepb
1673 673 1690 715 ς
1716 660 1878 715 latuit
1898 675 2023 731 pro-

442 754 562 815 pter
588 747 848 817 nuptias:
884 748 1046 803 latuit
1073 749 1204 819 quia
1245 750 1425 805 virum
1463 752 1663 807 habere
1698 753 2013 823 putabatur.

445 834 503 894 Si
537 832 681 894 enim
713 848 822 894 non
877 839 1159 896 habuisset
1189 850 1473 911 sponsum,
1516 851 1572 897 et
1608 852 1668 897 ut
1703 848 2016 915 putabatur,

394 919 409 1020 ξ
445 918 649 990 virum,
677 938 1019 1020 nequaquam
1049 931 1317 1001 potuisset
1364 932 1593 1004 principi
1640 936 1829 990 mundi
1855 936 2017 1007 hujus

398 1019 409 1047 ί
438 1021 720 1077 abscondi.
755 1019 948 1078 Statim
986 1023 1129 1078 enim
1161 1025 1417 1095 cogitatio
1456 1026 1655 1103 diaboli
1688 1028 1849 1084 tacita
1885 1030 2017 1085 sub-

433 1107 734 1184 repsisSet.‘
782 1115 1058 1185 quumodo
1101 1116 1226 1180 ista,
1255 1128 1378 1187 qua:
1415 1132 1524 1172 non
1565 1119 1859 1174 concubuit
1888 1133 2012 1175 cum

430 1199 575 1272 viro,
607 1215 892 1277 pra-.gnans
916 1204 1041 1263 est?
1095 1207 1262 1264 Debet
1300 1209 1403 1265 iste
1454 1219 1753 1279 conceptus
1783 1224 1905 1268 esse
1930 1212 2013 1267 di-

432 1294 616 1360 vinus,
645 1289 804 1352 debet
825 1290 1028 1367 aliquid
1063 1298 1299 1354 httmana
1324 1308 1521 1356 natura
1547 1315 1669 1356 esse
1699 1301 2008 1359 sublimius.

432 1377 757 1443 Econtrario
805 1382 1151 1459 diSpottuerat
1204 1388 1488 1456 Salvator,
1549 1392 2009 1462 dispensationem

430 1484 588 1532 suam
618 1486 673 1534 et
694 1479 1120 1549 assumptionem
1144 1481 1390 1551 corporis
1416 1482 1665 1552 ignorare
1691 1484 1965 1539 diabolum
1992 1503 2006 1542 :

429 1569 575 1625 unde
606 1580 661 1625 et
701 1570 754 1625 in
781 1572 1132 1642 generatione
1161 1585 1260 1629 sua
1300 1570 1496 1631 celavit
1551 1590 1706 1645 eam;
1757 1587 1811 1632 et
1842 1577 2009 1632 disci-

426 1659 571 1730 pulis
614 1670 798 1730 postea
850 1655 1219 1733 praecipiebat,
1262 1678 1330 1721 ne
1387 1666 1738 1723 manifestum
1763 1682 1887 1722 eum
1920 1668 2005 1724 la-

425 1762 632 1809 cerent.
658 1752 723 1809 Et
749 1766 872 1810 eum
903 1755 971 1809 ab
1000 1755 1119 1824 ipSo
1146 1753 1364 1811 diabolo
1389 1751 1704 1822 tentaretur,
1730 1768 1999 1829 nusquam

426 1843 715 1898 caulessos
740 1848 822 1900 est
856 1835 947 1898 Dei
977 1859 1036 1900 se
1063 1858 1185 1900 esse
1217 1845 1440 1911 Filium,
1483 1847 1576 1902 sed
1624 1850 2003 1904 tantummodo

424 1933 790 2005 respondebat
815 1950 829 1990 :
853 1933 969 1990 Non
1000 1944 1215 2005 oportet
1241 1946 1300 1993 ut
1332 1937 1552 1993 adorem
1580 1945 1653 2002 te,
1690 1954 1791 1994 nec
1824 1949 1884 1994 ut
1917 1941 2002 1995 la~

424 2018 583 2097 pide‘s
614 2026 750 2082 istos
802 2036 971 2096 panes
1017 2025 1238 2090 faciam,
1290 2037 1349 2081 ut
1380 2042 1468 2083 me
1497 2027 1563 2082 de
1614 2028 1723 2083 alto
1753 2030 2000 2100 praecipi-

427 2117 533 2171 tem
555 2118 623 2172 7’.
667 2114 878 2174 Etcum
916 2114 1019 2173 ista
1062 2110 1286 2184 diceret,
1319 2118 1488 2172 tacuit
1534 2130 1748 2188 semper
1797 2136 1855 2176 se
1878 2135 2001 2177 esse

422 2202 623 2262 Filium
657 2209 775 2265 Dei.
811 2205 1004 2276 Quaere
1036 2209 1169 2265 etin
1216 2209 1321 2264 alia
1347 2206 1650 2279 Scriptura,
1675 2218 1728 2264 ct
1760 2211 2000 2281 reperies

419 2299 724 2355 voluntatis
746 2292 950 2357 Christi
978 2300 1171 2365 fuisse,
1206 2308 1267 2355 ut
1295 2300 1586 2356 adventum
1614 2300 1734 2356 Filii
1766 2301 1858 2357 Dei
1882 2302 1999 2357 dia-

422 2387 587 2445 bolus
635 2388 927 2460 ignoraret.
975 2386 1271 2461 Apostolus
1327 2390 1474 2445 enim
1532 2393 1843 2462 passionem
1879 2394 1999 2463 ejus

420 2488 674 2540 asserens
725 2482 989 2540 nesciisse
1021 2486 1327 2543 contrarias
1366 2485 1734 2550 fortitudines,
1769 2487 1845 2542 ait
1886 2488 1994 2544 7":

423 2568 756 2643 Sapientiam
781 2575 1047 2647 loquimur
1074 2569 1216 2631 inter
1246 2578 1522 2647 perfectos.
1556 2575 1886 2647 Sapientiam
1907 2590 1998 2632 att-

421 2665 525 2718 tem
553 2680 659 2718 non
688 2662 876 2718 sa’culi
919 2663 1099 2733 hujus,
1140 2674 1303 2736 neque
1341 2666 1642 2737 principum
1692 2668 1878 2721 διεσαιὶ
1904 2667 1999 2721 huc

409 2745 505 2825 jus
528 2754 622 2825 qui
643 2755 1034 2822 destruantur;
1065 2755 1156 2810 sed
1182 2757 1449 2826 loquimur
1476 2756 1575 2813 Dei
1607 2759 1917 2828 sapientiam
1938 2762 1995 2815 in

417 2846 673 2915 mysterio
703 2845 1092 2912 absconditam,
1118 2858 1277 2919 quam
1313 2848 1492 2903 nullus
1516 2850 1815 2920 principum
1836 2851 1992 2921 Irusz

417 2928 604 2992 seaculi
649 2938 912 3008 cognovit.
973 2935 1032 2992 Si
1073 2939 1214 2992 enim
1274 2940 1672 3009 cognovissent,
1722 2958 1992 3013 nunquam

2124 660 2298 725 Salve,
2328 662 2506 731 gratia
2539 661 2716 732 plena.
2751 656 2864 717 Soli
2898 662 3083 717 Maria:
3142 662 3257 718 haec
3296 662 3557 717 salutatio
3584 678 3709 718 sera

2119 759 2298 806 vatur.
2329 751 2385 806 Si
2415 752 2561 808 enim
2597 753 2793 809 scisset
2820 752 2990 808 Maria
3023 763 3078 809 et
3098 754 3166 808 ad
3198 754 3365 809 alium
3389 755 3708 825 quempiam

2121 842 2356 898 similem
2393 843 2596 900 factum
2648 860 2771 902 esse
2828 862 3162 913 sermonem,
3218 846 3454 902 habebat
3497 848 3709 919 quippe

2119 931 2255 1003 legis
2288 933 2597 1001 scientiam,
2623 946 2678 991 et
2710 944 2829 992 erat
2851 948 3062 1004 sancta,
3089 946 3144 992 et
3180 936 3563 1007 prophetarum
3599 955 3703 993 va-

2119 1021 2307 1077 ticinia
2357 1024 2677 1093 quotidiana
2729 1024 3085 1081 meditatione
3133 1033 3490 1098 cognoverat,
3550 1043 3701 1082 nun-

2115 1128 2280 1184 quam
2334 1114 2493 1185 quasi
2552 1116 2840 1186 peregrina
2889 1131 3010 1171 eam
3072 1116 3334 1172 salutatio
3386 1118 3696 1174 terruisset.

2113 1200 2342 1273 Propter
2362 1203 2507 1274 quod
2529 1203 2772 1273 loquitur
2800 1205 2850 1261 ei
2881 1205 3147 1276 angelus:
3184 1204 3268 1261 Ne
3326 1208 3538 1276 timeas,
3571 1209 3702 1263 Ma—

2113 1296 2218 1360 ria,
2256 1296 2505 1351 invenisti
2552 1297 2694 1351 enim
2743 1299 2971 1368 gratiam
3019 1315 3201 1352 coram
3251 1298 3499 1354 Domino.
3554 1298 3698 1355 Ecce

2112 1387 2371 1455 concipies
2403 1388 2459 1440 in
2490 1396 2661 1452 utero.
2704 1397 2753 1442 et
2800 1390 2974 1458 paries
3004 1389 3201 1459 ﬁlium,
3235 1399 3284 1444 et
3336 1389 3543 1444 vocabis
3602 1406 3699 1445 no-

2109 1494 2227 1532 men
2258 1479 2374 1547 ejus
2399 1477 2605 1534 Iesum.
2643 1479 2700 1534 Ia
2728 1481 2827 1534 erit
2854 1496 3099 1551 magnus,
3133 1490 3183 1536 et
3212 1480 3388 1537 Filius
3420 1482 3695 1537 Altissime'

2108 1568 2399 1623 vocabitur.
2425 1568 2635 1624 Dicitur
2654 1579 2709 1624 et
2739 1570 2807 1625 de
2830 1568 3058 1639 Joanne,
3083 1572 3184 1626 erit
3212 1588 3434 1643 magnus
3460 1589 3480 1627 :
3507 1574 3697 1630 ethoc

2108 1657 2286 1728 ipsum
2348 1658 2569 1716 Gabriel
2622 1662 2849 1733 angelus
2891 1671 3266 1730 contestatur;
3325 1665 3417 1719 sed
3461 1665 3690 1734 quando

2107 1752 2254 1806 venit
2295 1749 2455 1808 lesus
2500 1768 2624 1809 vere
2680 1770 2941 1825 magnus,
2987 1771 3114 1810 vere
3158 1756 3428 1818 sublimis,
3461 1755 3551 1811 ille
3588 1758 3691 1825 qui

2103 1843 2256 1912 prius
2285 1860 2518 1915 magnus
2550 1847 2750 1912 fuerat,
2799 1846 2982 1902 minor
3004 1846 3230 1904 ell‘ectus
3255 1856 3360 1903 est.
3390 1847 3485 1902 llle
3510 1847 3689 1912 enim,

2105 1932 2288 2004 inquit
2316 1935 2385 2000 ⁸⁸,
2424 1936 2527 1990 fuit
2550 1938 2770 1994 lucerna
2802 1938 3000 1993 ardens
3026 1948 3080 1993 et
3112 1939 3321 2002 lucens,
3361 1946 3416 1993 et
3458 1956 3555 1996 vos
3585 1956 3686 1995 vo-

2102 2022 2283 2080 luistis
2317 2024 2385 2079 ad
2421 2024 2612 2080 horam
2642 2026 2921 2082 exsultare
2946 2027 3000 2081 in
3046 2026 3252 2082 lumine
3287 2026 3428 2097 ejus.
3468 2028 3682 2100 Magni-v

2100 2115 2233 2171 tudo
2265 2114 2562 2172 Salvator-is
2594 2118 2767 2173 nostri
2816 2133 2922 2172 non
2981 2128 3112 2174 tunc
3165 2120 3415 2188 apparuit
3460 2122 3687 2191 quando

2099 2214 2264 2261 natus
2294 2215 2411 2273 est;
2437 2207 2530 2262 sed
2573 2222 2719 2262 nttnc
2775 2217 3063 2278 postquam
3092 2222 3354 2278 oppressa
3385 2211 3453 2266 ab
3480 2212 3680 2266 adver-

2099 2296 2262 2352 sariis
2289 2296 2598 2363 videbatur,
2624 2297 2867 2351 emicuit.
2910 2294 3040 2352 Vide
3092 2299 3520 2369 magnitudinem
3566 2301 3679 2357 Do-

2099 2386 2281 2443 mini:
2324 2385 2381 2441 in
2437 2402 2654 2443 omnem
2708 2396 2909 2443 terram
2963 2384 3132 2443 exivit
3196 2404 3369 2446 sonus
3416 2390 3687 2448 doctrinae

2097 2477 2240 2547 ejus,
2273 2486 2328 2533 et
2360 2479 2414 2533 in
2447 2479 2585 2533 lines
2607 2478 2760 2534 orbis
2786 2489 3052 2533 terrarum
3082 2479 3246 2535 verba
3270 2480 3417 2535 illius
3439 2480 3505 2534 ".
3567 2480 3682 2537 Dos

2096 2570 2281 2625 minus
2310 2578 2495 2626 noster
2520 2568 2701 2634 Iesus,
2750 2571 2844 2641 qui
2878 2571 3055 2626 virtus
3080 2578 3165 2627 est
3221 2573 3332 2642 (l8)
3370 2572 3464 2627 Dei
3502 2573 3569 2640 ",
3606 2574 3670 2628 in

2095 2676 2313 2716 omnem
2347 2660 2578 2717 dili‘usus
2606 2669 2691 2717 est
2716 2661 2926 2729 orbem,
2951 2671 3006 2717 et
3041 2661 3521 2732 impraesentiarum
3551 2679 3659 2719 no-

2096 2754 2307 2809 biseum
2338 2762 2443 2817 est,
2465 2753 2622 2823 juxta
2674 2752 2806 2807 illud
2858 2753 3004 2822 quod
3046 2753 3101 2808 in
3150 2755 3407 2823 Apustolo
3431 2755 3675 2827 legitur:

2093 2846 2435 2917 Congregatis
2467 2845 2612 2900 vobis
2648 2853 2700 2900 et
2743 2845 2942 2916 spiritu
2994 2862 3108 2900 meo
3164 2862 3283 2901 cum
3324 2849 3516 2903 virtute
3562 2848 3675 2902 Do.

2093 2938 2229 2991 mini
2257 2938 2425 2991 nostri
2444 2936 2575 2992 Jesu
2603 2937 2810 2993 Christi
2832 2937 2900 2990 ⁸⁸.
2932 2936 3122 2992 Virtus
3164 2936 3375 2992 Domini
3425 2937 3666 2994 Salvato-

414 3025 708 3082 Dominum
747 3030 933 3099 gloria:
964 3029 1375 3099 cruciﬁxissent.
1417 3030 1807 3086 Absconditum
1830 3031 1996 3102 igitur
2021 3045 2064 3104 ο
2098 3028 2176 3082 ris
2196 3036 2252 3082 et
2282 3041 2405 3082 eum
2442 3027 2527 3082 bis
2556 3035 2660 3090 est,
2692 3027 2788 3098 qui
2818 3026 2888 3082 ab
2920 3026 3054 3083 orbe
3088 3034 3276 3082 nostro
3304 3026 3361 3081 in
3390 3025 3669 3082 Britannia

415 3109 524 3174 fuit
578 3132 609 3174 a
662 3119 1004 3189 principibus
1057 3121 1242 3176 saeculi
1295 3121 1614 3193 mysterium
1667 3121 1987 3180 Salvatoris.

416 3207 575 3276 Quod
624 3212 806 3263 autem
860 3211 1172 3265 econtrario
1225 3210 1387 3280 objici
1417 3220 1612 3281 potest,
1668 3213 1989 3269 solvendum

414 3294 551 3355 inihi
587 3300 804 3355 videtur
854 3304 1147 3370 antequam
1201 3301 1270 3356 ab
1322 3301 1430 3356 alio
1481 3309 1847 3373 praaponatur,
1881 3318 1990 3375 qua

414 3392 629 3447 ratione
654 3392 798 3463 quod
834 3391 1133 3471 principes
1161 3390 1326 3463 hujtts
1371 3394 1557 3449 saeculi
1588 3395 1764 3461 latuit,
1787 3397 1990 3451 dtemo-

411 3490 538 3537 netu
563 3491 669 3537 non
711 3477 887 3550 latuit,
912 3492 1036 3538 eum
1065 3484 1365 3554 praesertim
1396 3485 1486 3555 qui
1514 3485 1568 3539 in
1597 3485 1887 3556 Evangelio
1908 3488 1991 3543 lo-

412 3573 684 3644 quebatur
716 3591 730 3626 :
785 3572 984 3628 Venisti
1037 3584 1157 3629 ante
1196 3584 1394 3642 tempus
1455 3585 1694 3646 torquere
1729 3594 1844 3644 nos,
1880 3580 1986 3633 sci-

412 3670 530 3717 mus
564 3657 623 3718 t‘e'
637 3663 764 3734 quia
792 3663 865 3717 sis
903 3661 1077 3717 Filius
1133 3662 1232 3717 Dei
1270 3663 1339 3719 ⁸ο.
1373 3661 1476 3718 Sed
1506 3664 1813 3731 considera,
1853 3666 1985 3736 quia

355 3802 358 3805 .
412 3754 671 3809 minoriu
702 3754 907 3809 malitia
938 3754 1151 3810 noverit
1177 3752 1513 3811 Salvatorem
1539 3775 1552 3811 :
1586 3757 1680 3827 qui
1711 3771 1837 3812 vero
1872 3773 1988 3813 ma-

407 3840 500 3915 ior
535 3855 620 3902 est
649 3846 703 3901 in
744 3845 970 3913 scelere,
999 3854 1054 3901 et
1086 3845 1412 3916 versipellis,
1449 3852 1503 3902 et
1531 3859 1790 3917 nequam,
1822 3860 1890 3901 ex
1921 3861 1988 3903 eo

410 3938 554 4010 ipso,
611 3939 754 4007 quod
811 3939 864 3993 in
908 3939 1053 3994 malo
1105 3938 1282 4009 major
1335 3938 1501 4010 939
1550 3947 1655 4007 est,
1699 3938 1988 4009 impeditur

412 4042 578 4087 nosse
602 4022 803 4088 Filium
857 4030 975 4088 Dei.
1008 4029 1121 4087 Nos
1149 4045 1367 4102 quoque
1399 4030 1526 4100 ipsi,
1580 4030 1627 4085 si
1675 4031 1857 4085 minus
1888 4029 1986 4086 ha-

408 4113 694 4179 buerimus
726 4122 876 4189 mali,
906 4122 1122 4178 facilius
1147 4136 1441 4193 possumus
1473 4122 1540 4176 ad
1568 4121 1819 4177 virtutem
1852 4132 1983 4191 pro-

407 4213 625 4269 cedere.
661 4213 720 4268 Si
750 4226 878 4269 vero
916 4213 1090 4286 magis
1122 4214 1177 4268 in
1207 4213 1366 4269 nobis
1398 4213 1563 4269 fuerit
1591 4213 1740 4280 mali,
1776 4213 1981 4284 ingenti

407 4296 599 4358 labore
624 4302 931 4358 sudandum
960 4312 1066 4370 est,
1105 4311 1166 4358 ut
1197 4303 1392 4374 majori
1430 4305 1633 4372 malitia
1659 4307 1976 4363 liberemur.

407 4388 535 4450 llaec
564 4394 632 4450 de
671 4409 738 4449 eo
773 4394 918 4464 quod
945 4409 1205 4465 sponsum
1236 4396 1485 4451 habuerit
1509 4395 1698 4452 Maria.

481 4482 597 4556 (lli)
629 4482 767 4551 Quia
796 4498 931 4538 vero
963 4483 1189 4555 angelus
1255 4498 1398 4539 novo
1450 4500 1703 4545 sermone
1751 4486 1977 4542 Mariam

406 4575 687 4640 salutavit,
722 4588 889 4647 quem
920 4574 973 4630 l‘n
997 4576 1144 4631 omni
1172 4573 1449 4645 Scriptura
1474 4577 1716 4632 invenire
1745 4595 1853 4635 non
1882 4595 1980 4650 po-

408 4667 512 4735 tui,
544 4676 601 4723 et
629 4667 697 4724 de
722 4667 831 4723 hoc
853 4681 1026 4737 pauca
1079 4666 1306 4723 dicenda
1331 4675 1475 4724 sunt.
1531 4667 1586 4723 ld
1641 4670 1784 4725 enim
1833 4672 1977 4741 quod

470 4774 517 4815 "'
553 4780 745 4838 Matth.
776 4790 849 4835 tv.
924 4780 995 4812 "‘
1030 4776 1204 4834 iCor.
1237 4794 1298 4848 tt,
1327 4780 1447 4836 θέε.
1522 4780 1571 4813 ⁸⁸
1597 4781 1788 4837 Matth.
1830 4799 1952 4852 vm,
1991 4786 2084 4840 29.
2160 4786 2203 4818 ‘"
2237 4783 2394 4840 Joan.
2420 4800 2474 4849 ν,
2502 4778 2595 4839 55.

470 4843 587 4907 Cor.
621 4862 660 4912 t.
716 4850 804 4907 l8.
880 4850 928 4884 ⁸⁸
965 4849 987 4905 Σ
1014 4846 1142 4905 Cor.
1169 4864 1220 4912 ν,
1242 4851 1297 4905 4.
1405 4851 1451 4884 ⁸⁵
1484 4850 1681 4912 Ephes.
1715 4868 1791 4912 tv.
1814 4853 1903 4909 to.
2008 4858 2056 4888 ⁸⁸
2081 4855 2245 4912 Hebr.
2280 4870 2353 4912 tv.
2376 4853 2432 4908 4.

2130 4871 2245 4913 cur.
2280 4871 2353 4922 tv,
2376 4871 2432 4908 4.

404 4842 426 4906 l
459 4843 587 4907 Cor.
621 4862 660 4918 t,
716 4850 804 4907 l8.
880 4850 928 4884 ⁸⁸
965 4846 1142 4905 iCor.
1169 4864 1220 4916 ν,
1242 4842 1297 4905 4.

501 4966 589 5034 l6)
630 4965 855 5021 Scheda:
875 4965 1061 5021 Grabii
1091 4974 1144 5020 et
1166 4962 1477 5034 Combelisii
1510 4983 1523 5019 :
1561 4964 1721 5031 Ξένος
1751 4969 1779 5021 ὁ
1799 4967 1975 5023 ἀσπα-

405 5033 544 5109 σμρς
567 5033 930 5109 παρθένῳ,
953 5033 1188 5109 οὑξειμοῦ
1211 5036 1309 5106 τῆς
1330 5036 1550 5109 ζραφῆς
1570 5037 1976 5109 εὑρισκόμενος,

604 5091 661 5160 δὲ
695 5091 833 5181 μδγῖι
858 5091 1196 5181 ’έῙΞΡθέμένος
1214 5122 1228 5135 ⁵
1248 5091 1442 5175 fatis“
1459 5091 1979 5181 τωμένηίεῗ

402 5175 621 5259 Κύρςρς
636 5175 787 5259 μέτει
982 5175 1131 5258 ovo
1154 5175 1682 5259 sermonesalutatur
1705 5175 1870 5259 uirgo,
1886 5179 1978 5259 qui

404 5243 596 5301 νωιἱὲὁὶ
639 5243 695 5299 in
734 5246 877 5300 omni
922 5243 1203 5315 Scriptura
1241 5247 1532 5315 reperitur,
1582 5243 1674 5299 sed
1708 5243 1829 5299 huic
1871 5243 1973 5301 soli

401 5325 644 5371 servatur
660 5324 678 5370 ξ
695 5316 824 5379 Ave,
843 5317 1015 5386 gratia
1035 5316 1215 5385 plena,
1238 5315 1502 5370 Dominus
1529 5324 1730 5371 tecum.
1751 5315 1970 5372 Romus.

472 5387 587 5458 (l7)
627 5385 980 5458 Hieronymi,
1015 5397 1076 5439 ut
1107 5401 1266 5458 neuio
1311 5401 1418 5458 non
1436 5387 1647 5458 sentit,
1695 5386 1975 5458 adnotatio

404 5453 520 5511 haec
559 5453 676 5519 est,
723 5463 784 5509 ut
825 5453 1000 5524 ipsum
1049 5455 1390 5512 salutationis
1425 5453 1671 5510 Graecum
1708 5457 1931 5524 verbum
1958 5496 1975 5521 ,

402 5522 863 5596 κεχαριτωμένηζ
912 5524 1066 5592 ‘quod
1119 5526 1280 5596 plane
1334 5524 1685 5596 inusitatum,
1718 5522 1981 5595 Origenes

400 5594 648 5657 dixerat,
677 5594 869 5651 Latine
904 5600 1084 5650 autem
1121 5595 1232 5651 fere
1260 5594 1481 5651 obvium
1507 5604 1590 5653 est
1624 5637 1637 5664 ,
1675 5594 1864 5653 lectori
1897 5596 1981 5653 itt-

403 5673 723 5721 ιιυιοερρινι.

1405 4851 1451 4884 ⁸⁵
1484 4850 1681 4921 Ephes.
1715 4868 1791 4919 tv,
1814 4853 1903 4909 lt).

2090 3118 2428 3186 dividuntur,
2471 3127 2525 3173 et
2569 3133 2694 3172 cum
2731 3118 2817 3173 his
2847 3119 2941 3188 qui
2971 3118 3023 3171 in
3065 3117 3412 3184 Mauritania,
3458 3125 3669 3173 etcum

2092 3207 2361 3263 universis
2394 3207 2487 3278 qui
2511 3208 2617 3263 sub
2652 3207 2768 3262 sole
2795 3207 2850 3262 in
2875 3207 3097 3262 nomine
3141 3208 3261 3277 ejus
3298 3208 3668 3265 crediderunt.

2091 3296 2227 3354 Vide
2273 3312 2403 3369 ergo
2450 3296 2880 3368 magnitudinem
2919 3295 3237 3362 Salvatoris,
3293 3299 3569 3367 quomodo
3610 3298 3663 3353 it:

2092 3398 2205 3445 toto
2236 3390 2370 3444 orbe
2393 3388 2592 3444 diil'usa
2646 3388 2738 3455 sit,
2795 3397 2849 3444 et
2887 3398 3033 3444 certe
3067 3388 3298 3443 necdum
3337 3388 3458 3458 ejus
3480 3404 3665 3443 veram

2089 3481 2520 3553 magnitudinem
2549 3481 2800 3551 exposui.
2836 3480 3085 3535 Ascendc
3114 3480 3169 3533 in
3199 3480 3390 3544 eteius,
3440 3490 3493 3534 et
3543 3480 3659 3535 vide

2090 3589 2239 3641 eum,
2270 3575 2544 3645 quomodo
2571 3574 2813 3630 cwlestia
2862 3574 3167 3644 repleverit.
3201 3575 3465 3644 Apparuit
3492 3576 3663 3645 siqui-

2086 3670 2210 3725 dem
2241 3666 2469 3737 angelis.
2511 3664 2788 3720 Descende
2833 3665 3162 3735 cogitatione
3210 3665 3266 3719 in
3320 3666 3569 3736 abyssos,
3606 3675 3659 3721 et

2085 3759 2300 3814 videbis
2348 3771 2473 3812 eum
2530 3755 2694 3808 etiam
2746 3754 2875 3810 illuc
2928 3754 3295 3811 descendisse.
3358 3755 3463 3820 Qui
3519 3756 3657 3810 enim

2085 3849 2370 3914 descendit,
2399 3848 2509 3917 ipse
2526 3854 2603 3901 est
2625 3854 2674 3899 et
2698 3844 2788 3915 qui
2817 3846 3077 3909 ascendit,
3104 3857 3161 3900 ut
3190 3846 3426 3914 impleret
3455 3847 3656 3912 omnia,

2086 3951 2143 3994 ut
2170 3940 2224 3991 in
2261 3937 2470 3991 nomine
2510 3933 2640 3989 Jesu
2674 3950 2826 3988 omne
2856 3945 2988 4005 genu
3038 3936 3308 4003 flectatur,
3346 3934 3657 4004 caelestium,

2088 4031 2419 4086 terrestrium
2466 4038 2515 4083 et
2567 4026 2896 4096 infernarum
2942 4027 3010 4079 ⁸⁵.
3060 4025 3361 4082 Considera
3401 4027 3656 4082 virtutem

2085 4122 2321 4188 DOmini,
2355 4121 2502 4192 quod
2537 4119 2843 4190 impleverit
2883 4120 3173 4183 mundum,
3203 4118 3256 4173 id
3285 4127 3369 4173 est
3390 4117 3655 4183 coelestia,

2081 4212 2379 4278 terrestria,
2409 4219 2464 4266 et
2493 4208 2800 4275 infernalis,
2859 4208 3135 4279 quomodo
3169 4216 3223 4263 et
3243 4208 3443 4262 coelum
3478 4209 3655 4278 ipsum

2082 4303 2463 4379 luenetraverit,
2501 4310 2556 4358 et
2611 4302 2666 4355 in
2720 4315 2957 4371 superna
3017 4298 3342 4355 ascenderit.
3401 4293 3655 4375 Legimus

2013 4377 2057 4433 θ
2085 4377 2230 4455 enim
2261 4398 2329 4466 ⁸⁸,
2352 4394 2495 4468 quod
2529 4391 2904 4468 pcrtransierit
2924 4392 3095 4452 caelos
3115 4394 3285 4452 Filius
3319 4395 3432 4450 Dei.
3460 4395 3517 4450 Si
3543 4395 3655 4449 haac

2084 4491 2308 4556 videris,
2345 4490 2550 4561 pariter
2583 4487 2879 4543 intueberis
2915 4501 3023 4543 non
3060 4488 3372 4543 transitorie
3399 4487 3603 4542 dictum
3633 4503 3648 4541 :

2086 4581 2315 4652 Magnus
2359 4582 2497 4645 erit;
2536 4580 2629 4636 sed
2657 4578 2882 4634 verbum
2944 4593 3109 4648 opere
3159 4577 3510 4648 completum.
3542 4575 3652 4630 Ma-

2085 4689 2226 4747 gnus
2266 4682 2353 4730 est
2390 4671 2656 4727 Dominus
2695 4679 2881 4725 noster
2936 4667 3117 4733 Jesus,
3176 4677 3233 4726 et
3284 4683 3544 4740 praesens,
3597 4678 3651 4722 et

2702 4782 2746 4814 ⁸⁸
2769 4778 2913 4837 Psal.
2939 4795 3093 4847 xvut,
3125 4780 3179 4836 ὅ.
3264 4780 3310 4813 ⁸³
3331 4777 3490 4835 Rom.
3525 4795 3564 4846 ι,
3585 4776 3650 4843 ις

2156 4969 2267 5041 (18)
2307 4967 2512 5041 Legere
2555 4962 2737 5041 malim
2759 5005 2773 5031 ,
2801 4975 2907 5037 qua
2934 4964 3103 5041 uirtus
3134 4971 3242 5041 est,
3279 4970 3340 5016 ut
3373 4960 3422 5016 el
3472 4960 3647 5041 mani-

2085 5031 2279 5112 festius
2293 5031 2607 5112 _opin_ation_i
2640 5031 2976 5112 opponatur,
3019 5035 3105 5088 cui
3148 5031 3434 5112 Origenem
3465 5031 3647 5112 adita;-

2086 5111 2247 5182 sisse
2287 5105 2690 5182 Genebrardus’
2718 5105 2918 5175 aliique
2958 5120 3038 5182 ex
3088 5111 3319 5157 tractatu
3371 5115 3553 5182 sunt:
3594 5105 3648 5182 in

2087 5179 2398 5233 Matt/tarum
2424 5176 2807 5252 criminantur,
2829 5169 2975 5252 quod
3006 5188 3201 5252 nempe
3231 5171 3463 5252 senserit
3491 5169 3653 5224 Chri-

2086 5260 2252 5322 sttttn,
2285 5263 2393 5317 qua
2415 5246 2664 5322 Christus
2692 5254 2803 5322 est_,_
2829 5243 2942 5300 sive
2971 5259 3080 5322 qua
3106 5243 3496 5322 humanitatem
3513 5254 3653 5322 ‘cor.

2074 5312 2252 5392 porcis
2270 5312 2641 5392 usurpandum
2665 5316 2838 5392 oculis
2863 5312 3334 5392 praefer-tuumque
3359 5312 3644 5392 exsistere.

2076 5382 2174 5443 llic
2197 5382 2474 5442 enimvero
2499 5382 3318 5457 Adamantius—solidivinitatis
3341 5382 3644 5457 praesentit!

2076 5459 2180 5514 hoc
2212 5458 2436 5529 tribuit,
2471 5454 2848 5529 acygrissime
2876 5452 3155 5529 Christum
3198 5465 3305 5517 qua
3330 5447 3443 5529 .Dci
3469 5447 3644 5504 virtus

2078 5537 2182 5599 est,
2210 5528 2261 5579 in
2289 5541 2502 5580 omnem
2533 5524 2791 5599 dill'usum
2820 5537 2942 5578 esse
2969 5521 3492 5599 or_bem,omnia_que
3520 5531 3641 5584 per-

2082 5588 2275 5654 vadere
2296 5605 2453 5652 docet
2470 5635 2483 5660 ,
2510 5594 2775 5665 onlcstia,
2805 5592 3079 5649 terrestria
3107 5598 3270 5661 atque
3301 5588 3531 5642 inferna.
