4084 6302
383 354 516 409 1817

1588 347 1658 407 ΙΝ
1694 344 1929 408 LUCAM
1967 344 2248 404 "03"le
2289 345 2401 405 VII.

3502 353 3647 412 l8l8

384 480 605 539 absens,
635 466 927 540 tribuitque
949 452 1291 527 consortium
1316 463 1660 527 fortitudinis
1684 480 1798 523 sure
1825 463 1953 519 huic
1982 467 2029 523 Α
2056 464 2234 534 infans
2260 466 2314 518 in
2338 474 2484 519 utero
2516 463 2805 529 Elisnbetft,
2836 473 2885 519 et
2930 463 3128 535 repleta
3162 475 3251 522 est.
3282 466 3488 538 Spiritu
3510 487 3638 525 san.-

379 560 545 617 (εωιυί
567 568 754 616 nostro
782 570 943 631 atque
968 554 1303 615 conventui:
1368 555 1512 627 quod
1554 568 1613 613 ut
1661 567 1716 612 et
1754 556 1954 628 singuli

380 666 691 711 mereamur
716 655 983 725 accipere,
1024 652 1385 723 deprecemur
1426 651 1717 707 Dominum
1759 650 1953 717 Deum,

341 792 352 842 Ι
383 744 466 800 eui
500 751 585 800 est
607 745 778 816 gloria
825 753 881 801 et
924 744 1214 816 imperium
1264 745 1320 800 in
1351 744 1551 801 mula
1602 746 1954 800 saeculorum.

337 832 350 907 ,'
385 832 574 890 Amen.

936 946 1220 1004 HOMILIA
1279 947 1387 1006 VII.

376 1058 456 1115 De
480 1074 541 1115 eo
572 1060 717 1133 quod
732 1061 992 1129 scriptum
1025 1069 1101 1115 est
1130 1077 1149 1114 :
1184 1080 1203 1113 ι
1236 1061 1541 1133 Exsurgens
1568 1073 1745 1115 autem
1774 1061 1954 1116 Maria

443 1145 566 1202 eum
595 1131 937 1202 festinatione
961 1132 1095 1202 venit
1120 1133 1174 1184 in
1200 1131 1505 1194 montana,»
1536 1148 1699 1202 usque
1731 1133 1800 1186 ad
1833 1149 1953 1184 eum

441 1198 619 1272 locum
667 1199 755 1254 ubi
797 1200 872 1272 ait
902 1214 922 1254 :
981 1219 1001 1251 ι
1033 1200 1147 1255 Erit
1201 1202 1586 1256 consummatio
1613 1198 1806 1256 eorum
1837 1217 1954 1272 qua?

443 1269 586 1323 dicta
615 1278 792 1325 sunt.»
829 1269 962 1338 Cap.
996 1279 1039 1324 ι.

442 1377 695 1437 Meliores
731 1379 798 1435 ad
831 1381 1134 1438 deteriores
1156 1382 1401 1448 veniunt,
1428 1390 1489 1437 ut
1509 1383 1590 1438 eis
1622 1397 1686 1436 ex
1713 1382 1947 1438 adventu

372 1486 477 1528 suo
518 1472 723 1543 aliquid
784 1472 1027 1528 tribuant
1069 1473 1445 1530 emolumenti.
1486 1474 1577 1530 Sie
1604 1484 1658 1530 et
1701 1474 1951 1531 Salvator

370 1562 520 1618 venit
564 1562 631 1617 ad
652 1556 938 1631 Joannem,
968 1573 1027 1618 ut
1063 1565 1428 1621 sanctilicaret
1457 1564 1725 1636 baptisma
1762 1567 1947 1621 illius:

371 1662 430 1709 et
476 1652 645 1708 Maria
684 1653 863 1709 statim
915 1662 976 1709 ιιι
1023 1654 1232 1710 audivit
1277 1656 1528 1725 angelum
1580 1658 1946 1723 nuntiantem,

371 1745 517 1819 quod
545 1744 856 1815 conceperit
886 1743 1219 1801 Salvatorem
1238 1788 1254 1814 ,
1284 1756 1341 1801 et
1366 1746 1770 1834 quod'cognata
1802 1749 1950 1804 illius

2058 566 2162 619 cto,
2191 566 2239 609 et
2267 556 2513 612 clamavit
2548 573 2667 610 voce
2694 573 2883 626 magna
2915 566 2965 610 et
2999 557 3138 611 dixit
3171 575 3190 613 :

2128 644 2412 701 Benedicta
2439 658 2495 701 tu
2524 650 2661 703 inter
2687 649 2947 701 mulieres.
2975 648 3242 705 Debemus
3277 651 3331 705 in
3360 652 3466 708 hoc
3490 654 3642 723 loco,

2058 752 2127 793 ne
2155 736 2431 809 simplices
2464 741 2667 811 quique
2697 740 3059 810 decipiantur,
3092 756 3155 795 ea
3185 757 3306 810 qn:e
3333 743 3509 799 solent
3538 760 3639 815 op-

2055 843 2258 898 ponere
2289 831 2548 894 haeretici,
2580 831 2890 886 confutare.
2917 831 2974 885 ln
3000 840 3205 887 tantam
3231 833 3429 902 quippe
3455 836 3645 889 nescio

2055 919 2181 988 quis
2211 922 2460 990 prorupit
2492 922 2787 985 insaniam,
2810 932 2866 976 ut
2891 932 3167 977 assereret
3190 932 3437 991 negatam
3468 922 3639 979 fuisse

2055 1008 2280 1066 Mariam
2316 1028 2347 1066 a
2384 1006 2688 1077 Salvatorc,
2719 1029 2785 1069 eo
2808 1014 2952 1083 quod
2981 1025 3103 1083 post
3128 1014 3464 1068 nativitatem
3493 1015 3639 1070 illius

2051 1102 2243 1174 juncta
2276 1102 2442 1158 fuerit
2466 1104 2579 1175 (20)
2604 1100 2804 1175 Josepb
2834 1124 2849 1160 :
2878 1115 2931 1161 et
2959 1106 3176 1160 locutus
3203 1114 3317 1171 est,
3344 1122 3466 1176 quae
3487 1108 3643 1178 quali

2056 1202 2237 1249 mente
2287 1193 2488 1249 dixerit
2543 1196 2657 1265 ipse
2706 1196 2919 1251 noverit
2981 1196 3074 1266 qui
3136 1196 3352 1252 locutus
3407 1206 3511 1252 est.
3575 1196 3633 1252 Si

2056 1287 2279 1357 quando
2307 1286 2473 1355 igitur
2505 1287 2744 1343 lueretici
2780 1288 2933 1344 vobis
2981 1288 3088 1343 tale
3133 1288 3264 1358 quid
3310 1289 3633 1357 objecerint,

2054 1376 2377 1445 respondete
2405 1378 2504 1441 eis,
2536 1386 2590 1433 et
2615 1378 2779 1433 dicite
2806 1395 2818 1429 :
2847 1376 3009 1433 Certe
3038 1377 3242 1448 Spiritu
3267 1390 3455 1434 saneto
3478 1379 3644 1449 plena

2057 1458 2333 1521 Elisabeth
2364 1466 2441 1521 ait
2467 1483 2481 1520 :
2515 1467 2798 1522 Benedicta
2821 1477 2876 1521 tu
2899 1470 3035 1523 inter
3062 1470 3325 1524 mulieres.
3362 1469 3418 1524 Si
3443 1479 3635 1525 sancto

2055 1555 2260 1625 Spiritu
2290 1554 2574 1611 benedicta
2605 1558 2820 1612 canitur
2847 1557 3035 1621 Maria,
3065 1560 3341 1629 quomodo
3367 1575 3486 1615 eam
3514 1559 3634 1614 Sal-

2051 1654 2211 1701 vator
2244 1647 2502 1717 negavit?
2531 1647 2703 1702 Porro
2742 1650 2887 1717 quod
2930 1659 3184 1705 asserunt
3215 1665 3335 1704 eam
3382 1650 3635 1720 nupsisse

2051 1748 2176 1808 post
2207 1747 2444 1809 partum,
2470 1740 2615 1795 unde
2639 1740 2940 1810 approbent
2974 1755 3084 1794 non
3120 1740 3342 1795 habent.
3377 1740 3443 1795 lli
3483 1742 3631 1797 enim

372 1814 648 1891 Elisabetlt
690 1814 914 1892 haberet
956 1837 1011 1891 in
1045 1845 1239 1901 utero,
1265 1814 1756 1904 consurgens'cum
1792 1839 1944 1895 testi-
1978 1814 2021 1869 Β
2050 1832 2167 1897 ﬁlii.
2203 1831 2298 1903 qui
2346 1829 2547 1902 Ioseph
2583 1832 2926 1896 dicebantur.
2969 1846 3077 1887 non
3106 1840 3263 1887 erant
3292 1832 3395 1887 orti
3420 1833 3487 1889 de
3519 1832 3633 1888 Ma-

370 1925 594 1982 natioue
623 1927 771 1982 venit
805 1927 860 1982 in
907 1935 1192 1993 montana,
1221 1939 1275 1984 et
1317 1929 1561 1998 ingressa
1592 1939 1678 1985 est
1719 1930 1945 1985 domum

369 2008 669 2072 Elisabeth.
700 2013 860 2074 Jcsus
899 2033 1049 2084 vero,
1084 2017 1179 2089 qui
1226 2019 1281 2073 in
1333 2028 1491 2075 utero
1515 2020 1661 2076 illius
1688 2029 1826 2088 erat,
1864 2021 1946 2077 ὣς

368 2105 610 2162 stinabat
653 2104 833 2164 adhuc
874 2108 928 2161 in
960 2116 1148 2164 ventre
1177 2109 1370 2165 matris
1410 2102 1675 2166 Joannem
1707 2110 1944 2180 positum

368 2199 732 2255 sanctiﬁcare.
779 2200 1022 2273 Denique
1069 2211 1360 2271 antequam
1407 2203 1615 2259 veniret
1659 2202 1829 2257 Maria
1892 2212 1947 2259 et

366 2290 634 2346 salutaret
661 2291 961 2359 Elisabeth,
994 2308 1101 2349 non
1130 2294 1422 2349 exsultavit
1451 2294 1633 2350 infans
1662 2295 1715 2350 in
1748 2303 1904 2350 utero
1928 2314 1942 2349 :

367 2382 681 2465 sed.statim
710 2394 770 2438 ut
797 2383 965 2440 Maria
997 2385 1175 2440 locuta
1208 2397 1291 2441 est
1318 2385 1564 2451 verbum,
1599 2389 1746 2456 quod
1775 2387 1946 2445 Filius

369 2470 466 2528 Dei
495 2472 548 2527 in
580 2482 771 2530 ventre
814 2475 1005 2531 matris
1046 2485 1412 2548 suggesserat,
1440 2478 1734 2533 exsultavit
1765 2478 1947 2535 infans

367 2558 425 2619 in
452 2563 668 2634 gaudio,
695 2572 750 2618 et
780 2573 907 2619 tunc
938 2563 1174 2634 primum
1201 2578 1593 2635 prtecursorem
1626 2580 1786 2620 suum
1821 2581 1948 2636 pro-

369 2652 588 2723 phetam
618 2652 745 2709 fecit
766 2647 946 2710 Jusus.
988 2648 1283 2726 Oportebat
1311 2670 1529 2726 quoque
1559 2652 1785 2710 Mariam
1818 2672 1942 2712 cum

369 2736 467 2797 Dei
499 2742 650 2814 prole
681 2744 1023 2815 dignissima,
1051 2754 1176 2815 post
1211 2744 1512 2815 alloquium
1546 2744 1664 2812 Dei,
1691 2746 1757 2800 ad
1788 2762 1947 2801 mon-

369 2839 496 2888 tana
526 2835 925 2903 conscendere,
962 2845 1017 2890 et
1050 2836 1103 2890 in
1150 2836 1561 2893 sublimioribus
1590 2838 1940 2894 commorari.

371 2921 525 2979 Unde
548 2931 607 2980 et
628 2925 892 2996 scriptum
922 2936 1006 2983 est
1035 2942 1048 2979 :
1078 2926 1410 2998 Consurgens
1446 2928 1626 2982 Maria
1671 2929 1726 2984 in
1760 2929 1942 2984 diebus

367 3015 499 3078 illis,
534 3017 672 3071 venit
712 3033 768 3072 in
803 3029 1075 3073 montana.
1111 3018 1380 3075 Debuerat
1425 3021 1612 3087 etiam,
1645 3037 1771 3076 cum
1797 3031 1943 3078 esset

2047 1924 2154 1986 ria,
2184 1940 2361 1992 neque
2383 1932 2468 1979 est
2489 1923 2598 1977 ulla
2633 1922 2913 1992 Scriptura
2938 1940 3061 1991 qua:
3085 1924 3189 1979 ista
3213 1933 3635 1980 commemoret.

2047 2015 2329 2070 Benedicta
2377 2023 2435 2068 tu
2485 2014 2626 2067 inter
2678 2015 2954 2078 mulieres,
2999 2023 3050 2069 et
3095 2014 3393 2069 benedictus
3424 2015 3635 2083 fructus

2046 2105 2239 2160 ventris
2261 2105 2359 2159 tui.
2392 2102 2459 2157 Et
2490 2102 2626 2158 unde
2647 2102 2777 2158 mihi
2796 2105 2915 2168 Itoe,
2940 2115 2998 2158 ut
3028 2105 3197 2160 veniat
3219 2104 3394 2160 Mater
3420 2105 3632 2159 Domini

2044 2197 2146 2251 mei
2170 2197 2240 2251 ad
2267 2197 2388 2251 me?
2414 2196 2566 2262 Quod
2598 2197 2675 2251 ait
2709 2213 2724 2252 ;
2759 2195 2907 2252 Unde
2931 2198 3060 2251 mihi
3090 2197 3207 2259 hoc,
3232 2213 3342 2252 non
3373 2197 3635 2266 ignorans

2044 2290 2176 2346 dicit
2205 2305 2219 2341 :
2245 2298 2299 2345 et
2328 2291 2563 2346 maxime
2590 2288 2795 2360 Spiritu
2823 2300 3014 2345 sancto
3035 2291 3214 2360 plena,
3236 2290 3393 2360 quasi
3422 2290 3632 2346 nesciat

2043 2381 2188 2452 quod
2212 2381 2368 2451 juxta
2397 2377 2490 2436 Dei
2511 2384 2846 2437 voluntatem
2879 2381 3049 2437 Mater
3075 2381 3289 2436 Domini
3324 2391 3531 2437 venent
3560 2381 3628 2435 ad

2043 2487 2204 2540 eam;
2239 2472 2333 2529 sed
2366 2472 2471 2527 isto
2499 2488 2665 2528 sensu
2698 2473 2940 2543 loquitur
2967 2490 2982 2529 :
3007 2472 3147 2539 Quid
3180 2474 3309 2528 boni
3333 2473 3475 2529 feci?
3506 2489 3629 2543 qua:

2043 2578 2206 2632 opera
2241 2579 2359 2617 mea
2395 2572 2543 2618 tanta
2574 2573 2723 2627 sunt,
2761 2574 2816 2619 ut
2850 2563 3019 2619 Mater
3048 2565 3262 2620 Domini
3305 2566 3371 2620 ad
3419 2581 3505 2621 me
3538 2582 3629 2621 ve-

2045 2653 2199 2708 niat?
2233 2670 2328 2723 per
2349 2670 2511 2723 quam
2540 2656 2835 2724 justitiam,
2867 2671 2932 2711 ex
2966 2656 3167 2726 quibus
3210 2656 3389 2723 bonis,
3419 2657 3487 2712 de
3517 2674 3626 2727 qua

2045 2742 2303 2801 lidelitatc
2333 2746 2531 2800 mentis
2580 2747 2683 2801 hoc
2715 2748 2887 2801 merui
2909 2787 2924 2810 ,
2969 2756 3029 2801 ut
3063 2746 3234 2802 Mater
3270 2747 3485 2801 Domini
3521 2748 3629 2802 mei

2042 2837 2224 2892 veniat
2257 2836 2324 2892 ad
2357 2836 2481 2892 me?
2511 2835 2644 2892 Ecce
2673 2841 2812 2892 enim
2848 2849 2903 2892 ut
2930 2838 3079 2908 facta
3125 2850 3198 2893 est
3246 2838 3499 2893 salutatio
3535 2849 3627 2892 tua

2042 2930 2100 2982 in
2134 2944 2287 2982 aures
2323 2945 2483 2994 meas,
2519 2929 2806 2983 exsultavit
2856 2930 2911 2983 in
2954 2929 3308 2983 exsultatione
3359 2928 3536 2997 infans
3569 2928 3627 2981 in

2045 3030 2192 3074 utero
2223 3037 2357 3076 meo.
2391 3019 2588 3074 Sancta
2628 3029 2745 3074 erat
2785 3021 2969 3074 anima
3000 3020 3139 3075 beati
3167 3017 3416 3083 Joannis,
3444 3027 3499 3072 ct
3528 3017 3627 3072 ad-

366 3106 619 3172 sollicita,
654 3123 761 3162 non
791 3110 964 3180 pigra,
991 3127 1281 3181 properare
1303 3113 1689 3179 sollicitudine,
1727 3124 1779 3170 et
1815 3115 1941 3184 Spi-
1968 3145 2011 3199 ο
2046 3110 2153 3166 huc
2180 3110 2234 3164 in
2271 3111 2460 3165 matris
2483 3120 2637 3166 utero
2659 3112 2863 3176 clausa,
2888 3121 3225 3181 venturaque
3254 3113 3308 3166 in
3335 3113 3627 3178 mundum,

367 3200 475 3254 ritu
501 3209 691 3256 sancto
722 3202 881 3271 plena
923 3203 990 3257 ad
1026 3204 1347 3260 sublimiora
1379 3206 1626 3276 perduci,
1659 3216 1715 3260 et
1741 3207 1942 3263 virtute

366 3287 462 3345 Dei
492 3291 720 3361 protegi,
747 3306 786 3346 .a
814 3308 918 3362 qua
950 3291 1126 3348 fuerat
1157 3294 1500 3350 obumbrata.
1546 3295 1694 3350 Venit
1724 3313 1847 3366 ergo
1886 3298 1941 3350 in

364 3380 631 3437 civitatem
664 3380 844 3447 Judaa,
870 3393 920 3439 et
953 3384 1009 3437 in
1037 3385 1252 3439 domum
1276 3382 1575 3451 Zaclrariw,
1605 3397 1654 3441 et
1685 3387 1937 3443 salutavit

364 3469 660 3529 Elisabetlt.
720 3473 947 3528 Factum
993 3484 1071 3529 est
1119 3492 1237 3529 cum
1288 3478 1522 3530 audisset
1562 3478 1939 3532 salutationem

367 3558 559 3620 Maria:
586 3563 878 3627 Elisabetlt,
906 3566 1189 3619 exsultavit
1219 3568 1395 3634 infans
1438 3568 1492 3621 in
1540 3578 1687 3622 utero
1722 3569 1858 3637 ejus,
1889 3579 1939 3624 et

365 3652 561 3721 repleta
593 3663 669 3707 est
703 3653 904 3723 Spiritu
955 3665 1161 3710 sancto.
1207 3655 1324 3709 Non
1371 3667 1458 3712 est
1500 3658 1683 3728 itaque
1710 3660 1937 3714 dubium

362 3742 496 3810 quin
529 3758 651 3812 quae
700 3752 829 3798 tunc
859 3744 1061 3814 repleta
1104 3752 1189 3800 est
1225 3745 1429 3815 Spiritu
1468 3757 1681 3814 sancto,
1717 3759 1940 3819 propter

363 3831 536 3886 ﬁlium
572 3832 644 3888 sit
689 3834 912 3902 repleta.
951 3832 1139 3905 Neque
1171 3835 1317 3890 enim
1351 3847 1523 3892 mater
1552 3839 1786 3909 primum
1818 3840 1940 3910 Spi-

361 3921 529 3977 ritum
581 3933 829 3979 sanctnm
878 3926 1096 3989 meruit,
1156 3928 1251 3982 sed
1305 3944 1428 3984 cum
1477 3928 1716 3987 Joannes
1762 3935 1940 3990 adhuc

360 4010 589 4068 clausus
617 4013 672 4068 in
708 4022 865 4069 utero
897 4014 1159 4084 Spiritum
1188 4028 1436 4073 sanctum
1465 4022 1776 4091 recepisset,
1809 4036 1939 4081 tunc

357 4110 417 4156 et
447 4103 536 4158 illa
569 4115 693 4174 post
720 4106 1205 4162 sanetilicationem
1251 4110 1346 4164 lilii
1377 4111 1579 4180 repleta
1615 4124 1698 4170 est
1730 4114 1936 4185 Spiritu

357 4202 572 4248 sancto.
605 4192 814 4249 Poteris
841 4195 944 4250 hoc
976 4197 1215 4261 credere,
1241 4200 1286 4253 si
1314 4200 1492 4255 simile
1516 4203 1645 4271 quid
1673 4205 1837 4260 etiam
1869 4208 1938 4263 de

359 4277 646 4339 Salvatore
684 4287 1025 4356 cognoveris.
1059 4285 1224 4359 950
1257 4288 1529 4343 Invenitur
1562 4291 1718 4347 beata
1745 4293 1936 4363 Maria,

357 4371 507 4428 sicut
556 4375 610 4428 in
662 4376 957 4445 aliquantis
1002 4380 1403 4448 exemplaribus
1437 4381 1549 4452 (ιθ)
1597 4384 1933 4453 reperimus,

2048 3203 2206 3272 quasi
2255 3216 2352 3271 per
2391 3204 2737 3272 experientiae
2776 3219 2998 3257 sensum
3020 3247 3035 3270 ,
3069 3205 3275 3258 sciebat
3303 3203 3626 3272 quati-Israel

2049 3294 2356 3364 ignorabat.
2388 3291 2543 3348 Unde
2569 3295 2805 3348 exsilivit
2835 3310 2849 3346 :
2890 3304 2944 3348 et
2978 3310 3084 3349 non
3124 3295 3444 3365 simpliciter
3477 3294 3626 3349 exsi-

2047 3385 2186 3451 livit,
2223 3388 2315 3441 sed
2357 3386 2411 3440 in
2451 3387 2671 3458 gaudio.
2709 3386 2969 3442 Senserat
3002 3386 3148 3441 enim
3193 3388 3407 3442 venisse
3437 3384 3624 3439 Domi-

2047 3492 2177 3529 num
2207 3493 2385 3539 suum,
2414 3487 2471 3530 ut
2492 3477 2854 3532 sanctiﬁcat-et
2878 3491 3095 3530 servum
3122 3491 3303 3542 suum,
3330 3486 3619 3546 antequam

2046 3565 2114 3620 de
2149 3567 2342 3619 matris
2375 3575 2529 3619 utero
2572 3568 2907 3635 procederet.
2953 3565 3173 3621 Utinam
3210 3567 3341 3620 mihi
3385 3568 3620 3632 eveniat,

2047 3663 2107 3707 ut
2139 3654 2208 3707 ab
2252 3654 2559 3710 inﬁdelibus
2592 3656 2792 3710 stultus
2823 3657 2994 3721 dicar,
3038 3656 3132 3725 qui
3168 3656 3366 3710 talibus
3391 3671 3483 3710 cre
3504 3657 3618 3710 lidi.

2047 3743 2227 3814 Ipsum
2268 3760 2405 3813 opus
2451 3746 2688 3800 ostendit
2734 3757 2787 3801 et
2826 3747 3048 3816 veritas,
3078 3762 3187 3801 non
3227 3764 3314 3802 me
3353 3748 3619 3812 stultitiae,

2046 3839 2138 3893 sed
2175 3838 2455 3906 sapientiae
2484 3838 2817 3904 credidisse;
2845 3848 2897 3893 et
2917 3840 3045 3909 quia
3084 3840 3186 3893 hoc
3216 3840 3359 3910 quod
3390 3843 3616 3894 stultum

2047 3932 2189 4002 apud
2243 3932 2366 3985 illos
2409 3940 2651 4000 putatur,
2686 3930 2815 3983 mihi
2865 3931 3055 3986 salutis
3101 3934 3319 3986 occasio
3368 3932 3459 3987 sit.
3505 3931 3619 3988 Nisi

2044 4023 2190 4077 enim
2225 4020 2419 4075 luisset
2452 4020 2691 4075 caelestis
2734 4029 2785 4073 et
2811 4020 2965 4074 beata
3010 4022 3265 4077 nativitas
3297 4022 3619 4091 Salvatoris,

2044 4113 2149 4167 nisi
2177 4112 2459 4167 habuisset
2485 4111 2655 4166 divini
2683 4112 2909 4180 aliquid,
2931 4122 2985 4167 et
3015 4113 3405 4170 humanitatem
3441 4117 3614 4170 Inomi-

2045 4219 2176 4257 num
2202 4202 2687 4273 supercgrediens,
2716 4219 2993 4272 nunquam
3030 4213 3201 4260 totum
3252 4208 3438 4262 orbem
3475 4208 3620 4263 illius

2043 4298 2289 4353 doctrina
2320 4305 2670 4367 penetrasset.
2707 4297 2764 4351 Si
2800 4298 3175 4353 tantummodo
3199 4297 3391 4354 fuisset
3421 4301 3476 4354 in
3504 4298 3621 4353 Ma-

2043 4391 2139 4445 ria:
2168 4402 2344 4457 utero,
2375 4399 2430 4445 et
2465 4408 2571 4447 non
2601 4392 2694 4449 Dei
2721 4393 2912 4460 Filius,
2947 4394 3220 4465 quomodo
3245 4402 3456 4464 poterat
3479 4393 3618 4461 ﬁeri,

358 4465 705 4556 prophetare.
756 4466 872 4523 Non
914 4469 1059 4523 enim
1095 4471 1430 4541 ignoramus,
1462 4474 1606 4544 quod
1638 4470 1934 4533 secundum
1966 4489 2015 4547 ι)
2046 4490 2104 4536 ιιι
2133 4490 2187 4535 et
2231 4480 2325 4536 illo
2362 4492 2605 4553 tempore
2652 4495 2706 4540 et
2746 4502 2911 4553 nunc,
2950 4501 3056 4543 non
3088 4486 3265 4541 solum
3299 4503 3616 4556 corporum,

359 4555 499 4610 alios
544 4558 758 4614 codices
800 4568 854 4614 et
902 4561 1016 4616 btec
1059 4562 1225 4617 verba
1260 4561 1534 4619 Elisabeth
1583 4567 1927 4623 vatieiuetur.

361 4644 568 4717 Spiritu
600 4648 783 4719 itaque
806 4662 996 4707 sancto
1018 4663 1148 4708 tunc
1175 4656 1374 4724 repleta
1396 4666 1479 4711 est
1500 4656 1688 4725 Maria,
1712 4664 1933 4730 quando

358 4738 527 4807 coepit
557 4738 612 4793 in
649 4749 803 4795 utero
834 4741 1036 4798 habere
1067 4744 1424 4803 Salvatorem.
1472 4750 1667 4808 Statim
1699 4757 1843 4811 enim
1875 4768 1934 4814 ut

360 4824 624 4899 Spiritum
653 4840 900 4888 sanetum
944 4835 1184 4905 accepit,
1216 4835 1485 4895 Dominici
1527 4846 1771 4912 corporis
1801 4864 1935 4903 con~

357 4918 613 4986 ditorem,
653 4931 709 4977 et
754 4921 926 4981 Filius
976 4924 1071 4980 Dei
1104 4941 1225 4982 esse
1251 4929 1416 4999 erepit
1450 4930 1503 4984 in
1550 4943 1726 4998 utero,
1767 4939 1930 4994 etiam

358 5009 478 5081 ipsa
515 5012 786 5083 completa
823 5024 905 5072 est
940 5013 1144 5099 Spiritu
1195 5029 1407 5076 saneto.
1450 5020 1753 5082 Exsultavit
1801 5044 1933 5101 ergo

328 5240 381 5311 τί
430 5225 807 5311 ςιθλιηηιιῇι,
857 5230 1052 5311 opinor
1068 5272 1098 5311 ,_
1128 5234 1292 5290 verba
1328 5232 1724 5311 subsequentis
1765 5246 1937 5302 versi-

358 5296 468 5374 culi
511 5297 616 5361 45,
649 5300 745 5351 καὶ
779 5296 1026 5374 percupio.
1071 5296 1110 5374 ἡ
1151 5296 1634 5364 πιστεύσασαθότι
1666 5296 1925 5368 Eat-aias.-

359 5362 603 5453 isititate,
633 5376 739 5422 etc.
780 5362 853 5422 Et
880 5362 1030 5453 beata
1063 5362 1181 5444 qua:
1196 5378 1480 5453 credidisti
1499 5417 1514 5440 ,
1542 5362 1936 5453 quoniam-per-

361 5432 607 5516 ficientur
644 5453 708 5516 ea
743 5455 861 5516 quae
893 5441 1040 5495 dicta
1075 5432 1209 5516 sunt
1239 5446 1335 5499 tibi
1365 5464 1396 5499 a
1426 5432 1683 5516 Dam'ino,

360 5507 585 5592 quantis
625 5507 709 5561 sui
751 5507 1321 5592 ierincx‘emplaribus.
1351 5531 1416 5592 es
1456 5516 1640 5574 Maria:
1671 5507 1932 5592 'Virginis

360 5585 593 5693 persona
613 5613 629 5638 ,
670 5592 777 5632 non
811 5577 1085 5636 Elisabeth
1115 5584 1239 5638 diei.
1276 5583 1435 5641 Nulla
1463 5604 1592 5644 vero
1619 5606 1766 5645 nunc
1787 5577 1930 5662 "ejus

382 5651 609 5693 εςιιυιιιδ
636 5646 754 5693 Vola
785 5661 879 5693 aut
904 5652 1184 5693 ventitrinm
1217 5668 1458 5693 annm-vna:

382 5646 754 5723 ecti‘o‘nisyola
785 5661 879 5704 aut
904 5652 1185 5723 vestigium
1216 5668 1481 5723 superest.

436 5712 549 5781 (20)
590 5710 739 5769 Hane
766 5728 953 5786 postea
991 5710 1238 5779 ltircsim
1270 5710 1546 5786 l'lelvidius
1581 5730 1926 5799 instauravit,

2042 4573 2136 4628 sed
2168 4575 2331 4628 etiam
2357 4576 2664 4632 animarum
2698 4579 2873 4633 morbi
2902 4580 3228 4649 multiplices
3257 4581 3619 4636 curarentur?

2040 4663 2177 4730 Quis
2210 4675 2457 4719 nostrum
2489 4681 2595 4721 non
2630 4668 2892 4739 insipiens
2929 4671 3051 4737 fuit,
3086 4673 3178 4741 qui
3211 4688 3356 4726 nunc
3397 4683 3618 4742 propter

2040 4755 2471 4811 misericordiam
2523 4755 2618 4813 Dei
2654 4759 2919 4816 habemus
2954 4762 3385 4834 intelligentiam,
3420 4774 3475 4819 et
3498 4766 3618 4819 siti-

2042 4846 2167 4902 mus
2197 4847 2404 4903 Deum?
2435 4848 2570 4916 Quis
2602 4861 2847 4907 nostrum
2891 4870 2998 4908 non
3029 4855 3342 4911 incredulus
3367 4856 3615 4926 justitiar,

2041 4938 2134 5006 qui
2169 4955 2316 4993 nunc
2347 4948 2566 5013 propter
2596 4942 2873 4999 Christum
2900 4945 3169 5016 justitiam
3211 4948 3496 5016 habemus,
3528 4964 3616 5004 se-

2040 5030 2370 5102 quimurque
2393 5033 2689 5090 iustitiam?
2710 5036 2844 5103 Quis
2868 5046 3114 5094 nostrum
3140 5056 3245 5096 non
3270 5042 3617 5100 errabundus

2042 5249 2492 5329 hancque_ipsa_m_
2513 5269 2624 5329 prae
2645 5256 3112 5329 reliquiseausam
3142 5259 3446 5329 praetexuit,
3462 5263 3609 5329 quod

2039 5320 2232 5397 fratres
2281 5320 2615 5397 Domini—in
2655 5320 2951 5396 Eva-tigelio
2998 5320 3366 5383 nominentur.
3422 5320 3616 5397 Operae

2040 5392 2287 5467 pretium_
2327 5393 2399 5447 sit
2561 5392 2868 5467 Hieronymi
2929 5414 3052 5452 vere
3094 5415 3319 5453 aureum
3370 5392 3610 5455 libellum

2036 5470 2228 5514 contra
2276 5462 2422 5517 hunc
2461 5462 2776 5519 haereticuni
2807 5467 3124 5523 recoluissc.
3173 5468 3292 5522 Mox
3329 5471 3614 5536 perturba-

2036 5538 2152 5582 tum
2184 5540 2498 5606 eonteatum
2533 5549 2632 5606 nos
2667 5537 3030 5599 restituimus,
3073 5554 3197 5591 eum
3243 5548 3368 5592 ante
3400 5538 3610 5606 legere-

2037 5606 2126 5652 tur
2156 5614 2168 5649 :
2206 5602 2354 5671 quali
2392 5612 2557 5657 mente
2585 5604 2813 5672 dixerit,
2844 5608 2966 5676 qui,
3002 5608 3109 5677 ipse
3136 5610 3329 5662 noverit
3351 5646 3366 5670 ,
3404 5602 3613 5664 loiutus

2037 5677 2132 5721 (δι.
