4084 6302
419 327 552 383 Ib”

1898 330 2226 389 OBIGENIS

3555 333 3710 390 {82$

415 447 586 502 αἱοοὶ
613 490 630 517 ,
657 453 958 510 observans
992 459 1098 506 tam
1138 451 1190 506 in
1219 447 1420 514 Veteri,
1441 467 1606 522 quam
1637 452 1692 507 in
1722 451 1872 508 Novo
1900 452 2005 508 τε·
2036 459 2080 514 Α
2110 454 2320 509 mansit
2351 453 2522 508 Maria
2559 469 2684 508 cum
2732 450 3006 508 Elisahctli
3030 495 3044 518 ,
3076 459 3364 522 postquam
3395 450 3444 506 ei
3474 451 3699 506 loeutus

417 550 558 594 stam
573 549 723 608 cuto,
761 543 936 599 sicuhi
986 543 1252 612 scriptum
1282 543 1334 597 in
1365 552 1486 598 ortu
1524 543 1827 614 peccatoris
1856 545 2008 600 inve-

419 631 534 683 niat
574 652 588 688 :
621 632 945 702 Compietttm
987 643 1070 688 est
1110 643 1312 704 tempus
1353 644 1411 688 ut
1447 643 1690 704 pareret,
1727 652 2005 706 nunquam

421 725 656 780 omnino
711 727 960 795 reperiet.
1019 725 1124 780 Sed
1160 726 1470 795 ubicunque
1510 724 1694 794 justus
1741 728 2005 794 nascitur,

423 808 497 864 ibi
533 814 838 884 completur
863 813 978 870 dies
999 857 1014 881 ,
1052 815 1163 870 illic
1193 813 1247 869 in
1286 815 1548 870 mundum
1581 815 1886 886 completur
1913 817 2008 870 ad-

429 913 624 959 ventus
649 904 756 959 sui.
797 903 1120 975 Ortusjusti
1145 947 1161 970 ,
1199 904 1586 975 plenitudinem
1633 905 1795 961 habet
1829 925 1840 961 :
1878 922 2006 977 pce-

427 995 631 1050 eatoris
681 995 960 1055 nativilas.
995 1004 1052 1049 ut
1087 995 1156 1048 ita
1187 995 1456 1061 dicamus,
1489 995 1814 1050 vacuitatem
1845 1005 2008 1066 atque

427 1085 765 1140 inanitatem.
797 1083 920 1140 llaec
947 1086 1014 1140 de
1047 1101 1113 1140 eo
1142 1086 1286 1156 quod
1320 1087 1579 1156 scriptum
1608 1094 1694 1141 est
1724 1104 1738 1141 :
1767 1085 2009 1156 Comple-

427 1180 541 1230 tum
572 1184 649 1230 est
675 1187 875 1246 tempus
909 1186 964 1230 ut
986 1189 1214 1246 pareret.
1283 1177 1818 1248 Congratulabantur
1845 1177 2005 1232 matri

425 1268 548 1338 ejus
591 1267 756 1323 vieini
802 1277 858 1323 et
888 1269 1142 1340 cognati,
1169 1279 1222 1324 et
1243 1269 1498 1324 volebant
1532 1269 1586 1323 in
1615 1269 1876 1324 honorem
1914 1285 2008 1340 pa-

429 1361 528 1415 tris
559 1375 724 1430 puero
755 1375 952 1415 nomen
987 1375 1213 1430 ponere,
1263 1369 1321 1414 ut
1375 1369 1660 1416 vocaretur
1690 1357 2004 1417 Zacharias.

428 1447 598 1506 l’orro
624 1449 924 1515 Elisabeth,
958 1460 1148 1505 sancto
1172 1448 1378 1520 Spiritu
1407 1461 1752 1520 suggerente,
1787 1453 2001 1510 aiebat:

427 1541 656 1597 Joannes
680 1551 757 1596 est
795 1558 982 1596 nomen
1012 1542 1148 1611 ejus.
1215 1541 1413 1596 Deinde
1444 1557 1568 1596 cum
1593 1542 1668 1596 illi
1699 1547 1894 1600 causa's
1915 1545 2008 1614 ju-

429 1644 544 1690 stas
577 1643 886 1704 quaererent
909 1649 1007 1689 cur
1034 1628 1274 1687 Joannes
1314 1631 1658 1702 potissimum
1696 1643 2005 1703 vocaretur,

427 1741 553 1782 cum
607 1725 661 1779 in
710 1740 907 1794 genere
943 1723 1115 1794 ipsius
1145 1723 1329 1779 nullus
1362 1725 1584 1780 haberet
1627 1725 1732 1781 hoc
1780 1741 2004 1790 nomen,

2115 553 2197 598 cst
2244 545 2490 614 angelus,
2541 543 2825 598 mensibus
2877 543 3074 610 tribus,
3125 551 3184 594 ut
3228 555 3323 610 per
3363 539 3695 594 iucllabilem

2115 635 2408 704 quamdam
2443 633 2720 700 virtutem,
2749 649 2854 688 non
2889 633 3066 688 solum
3098 629 3402 695 Joannem,
3431 630 3572 684 sicut
3598 630 3696 684 du-

2115 725 2244 781 dum
2273 725 2534 792 diximus,
2571 725 2664 780 sed
2695 725 2858 779 etiam
2897 723 3242 786 Zachariam,
3269 729 3332 776 ut
3360 737 3504 776 nunc
3525 736 3690 776 evanv

2115 819 2321 887 gelicus
2350 833 2530 872 sermo
2555 817 3070 886 declarat,pra'sens
3097 815 3346 869 Salvator
3376 814 3691 869 instrueret.

2115 906 2384 964 Paulatim
2419 909 2618 980 quippe
2640 917 2694 963 et
2725 909 2814 962 hic
2840 923 2935 979 per
2979 919 3091 963 tres
3123 921 3340 962 menses
3364 905 3537 962 sancti
3567 905 3694 974 Spi-

2116 1001 2254 1057 ritus
2279 1009 2567 1072 augmenta
2603 999 2871 1070 capiebat,
2903 1007 2958 1053 et
2989 1013 3115 1053 cum
3146 996 3380 1052 nesciret
3397 995 3692 1051 erudieba-

2115 1101 2236 1156 tur,
2275 1102 2330 1147 et
2373 1093 2440 1146 de
2469 1091 2689 1146 Christo
2734 1089 3076 1161 prophetarit
3125 1089 3355 1144 dicens:
3389 1086 3494 1153 Qui
3542 1086 3692 1140 dedit

2115 1185 2520 1251 redemptionem
2551 1184 2744 1253 populo
2768 1199 2864 1238 suo
2883 1222 2898 1247 ,
2929 1190 2978 1236 et
3005 1181 3282 1235 suscitavit
3306 1167 3468 1234 cornu
3495 1178 3690 1232 salutis

2115 1275 2264 1330 nobis
2293 1277 2346 1330 in
2371 1277 2526 1330 domo
2557 1274 2749 1341 David,
2793 1274 2846 1328 in
2881 1289 2988 1344 qua
3017 1273 3316 1328 secundum
3339 1286 3558 1327 carnem
3589 1287 3691 1326 nae

2115 1377 2203 1424 tus
2229 1376 2314 1423 est
2335 1367 2608 1422 Christus.
2650 1365 2716 1420 Et
2745 1380 2868 1420 vere
2891 1365 3019 1436 quia
3048 1363 3150 1418 fuit
3180 1378 3351 1417 cornu
3387 1361 3600 1426 salutis,
3631 1362 3689 1417 in

2113 1460 2276 1514 domo
2305 1457 2470 1513 David
2503 1456 2787 1529 prophetia
2829 1457 2932 1511 ista
2963 1455 3292 1511 concinitur.
3363 1453 3524 1509 Vinea
3547 1456 3689 1509 enim

2113 1553 2257 1622 facta
2297 1562 2371 1606 est
2414 1552 2468 1604 in
2509 1565 2668 1604 cornu
2692 1549 2760 1604 “.
2834 1549 2894 1602 In
2945 1564 3054 1618 quo
3099 1547 3306 1603 cornu?
3357 1546 3414 1601 In
3463 1547 3688 1603 Christo

2109 1641 2276 1708 Jesu,
2332 1643 2386 1696 in
2444 1641 2536 1698 illo
2585 1642 2638 1696 in
2685 1655 2796 1710 quo
2841 1656 2988 1694 nunc
3028 1639 3287 1694 scribitur
3337 1657 3351 1695 :
3399 1638 3692 1694 Suscitavit

2111 1750 2274 1788 cornu
2320 1733 2510 1788 salutis
2539 1732 2763 1786 nobisin
2793 1731 2948 1784 domo
2991 1729 3158 1784 David
3199 1731 3349 1800 pueri
3388 1731 3504 1793 sui,
3545 1731 3686 1785 sicut

429 1814 766 1886 interrogant
813 1825 1061 1884 patrem,
1112 1815 1206 1884 qui
1266 1832 1373 1870 non
1425 1817 1614 1872 valens
1678 1818 2007 1887 respondere
2039 1815 2078 1869 Β
2107 1823 2313 1878 loeutus
2343 1833 2420 1878 est
2447 1839 2540 1893 per
2583 1839 2640 1876 os
2665 1833 2966 1876 sanctorum
3001 1838 3214 1876 suorum
3259 1822 3633 1891 prophetarum
3664 1837 3686 1876 :

427 1905 616 1976 (manu
639 1913 694 1960 et
725 1904 919 1960 litteris
959 1911 1044 1960 est
1085 1904 1346 1974 locutus).
1391 1904 1622 1974 Scripsit
1646 1906 1791 1960 enim
1819 1906 1872 1960 in
1901 1922 2006 1975 pu-

425 1997 601 2069 gillari
623 2039 638 2065 ,
673 1995 904 2051 Joannes
950 2005 1028 2049 est
1071 2012 1256 2048 nomen
1283 1995 1398 2066 ejus
1429 2012 1448 2050 :
1478 1996 1771 2066 statimque
1804 2004 1863 2050 ut
1893 2005 2008 2068 sty-

424 2089 512 2144 lus
537 2089 839 2160 impressus
875 2095 1152 2154 esteem,
1199 2087 1380 2156 lingua
1407 2129 1422 2154 ,
1469 2103 1591 2158 qua:
1634 2089 1787 2158 prius
1831 2086 2007 2143 fuerat

420 2175 644 2244 vineta,
692 2177 869 2231 laxata
899 2184 1002 2231 est.
1055 2173 1278 2244 Recepit
1311 2175 1590 2247 eloquium
1613 2217 1629 2243 ,
1674 2192 1778 2230 non
1807 2177 2010 2232 huma-

423 2284 589 2334 num,
619 2267 878 2338 quoniam
909 2267 1074 2338 ligata
1106 2265 1210 2322 fuit
1240 2267 1423 2338 lingua
1454 2267 1606 2336 ejus;
1644 2267 1882 2322 humana
1923 2277 2006 2322 ta-

425 2375 550 2414 meo
596 2374 704 2414 non
751 2358 873 2413 fuit.
953 2356 1216 2414 Vinxerat
1258 2359 1404 2414 enim
1455 2373 1576 2414 eam
1626 2357 2000 2414 incredulitas.

425 2445 618 2505 Statim
657 2458 714 2504 ut
743 2449 920 2505 soluta
947 2459 1065 2515 est,
1115 2450 1357 2504 humana
1399 2464 1520 2504 csse
1563 2448 1767 2504 desinit
1789 2489 1804 2514 ,
1837 2456 1894 2504 et
1926 2448 2005 2503 lo-

422 2543 689 2612 quebatur
721 2541 1046 2598 benedicens
1098 2540 1299 2607 Deum,
1335 2548 1386 2596 et
1419 2541 1760 2612 prophetavit
1788 2557 1850 2595 ea
1881 2556 2004 2610 qua:

426 2635 632 2704 scripta
658 2645 788 2689 sunt
815 2633 868 2688 in
896 2632 1223 2704 Evangelio,
1254 2632 1321 2688 de
1347 2631 1568 2702 quibus,
1593 2632 1863 2702 prmbente
1895 2632 2002 2687 Do-

424 2725 573 2780 mino
621 2723 751 2781 Jesu
797 2725 1047 2792 Christo,
1082 2739 1206 2780 cum
1256 2732 1470 2794 tempus
1516 2723 1712 2790 fuerit,
1759 2725 1994 2781 dissere-

422 2831 548 2871 mus
573 2833 587 2870 :
612 2816 698 2870 cui
733 2827 815 2872 est
845 2816 1014 2888 gloria
1039 2823 1093 2872 et
1119 2815 1408 2886 imperium
1450 2815 1504 2870 in
1534 2816 1732 2872 saecula
1765 2816 1996 2872 saeculo-

423 2921 566 2962 rum.
606 2908 798 2962 Amen.

1015 3015 1300 3074 llOMlLlA
1337 3017 1406 3074 Χ.

423 3127 502 3184 De
526 3146 585 3185 eo
615 3130 754 3202 quod
788 3130 1056 3202 scriptum
1095 3142 1174 3186 est
1205 3147 1225 3186 :
1264 3150 1283 3182 ι
1327 3131 1520 3186 Plenus
1563 3131 1772 3202 Spiritu
1818 3141 2002 3188 sancto
2031 3141 2072 3197 c

494 3201 854 3268 prophetarit,
915 3220 932 3250 ι
1001 3217 1161 3269 usque
1208 3203 1277 3256 ad
1320 3218 1439 3254 eum
1495 3201 1666 3256 locum
1721 3204 1808 3256 ubi
1857 3205 2000 3259 ait:

499 3270 824 3390 Edatecedet
856 3271 992 3323 enim
1025 3287 1204 3324 corant
1230 3271 1452 3326 Dontiuo
1471 3287 1662 3340 parare
1683 3275 1793 3327 uias
1821 3277 1953 3342 ejus.
1974 3291 1993 3326 ι

523 3355 633 3390 .an.
663 3355 702 3390 ι.

523 3355 633 3408 .ap.
663 3355 702 3392 ι.

494 3448 696 3506 Plenus
743 3449 952 3520 Spiritu
999 3455 1190 3507 saneto
1239 3449 1554 3521 Zacharias,
1591 3454 1728 3512 duas
1768 3457 2004 3526 prephe-

421 3541 528 3596 tias
561 3541 890 3611 generaliter
934 3543 1182 3610 nuntiat,
1209 3546 1442 3614 primam
1483 3546 1551 3601 dc
1581 3545 1802 3602 Christo
1825 3588 1839 3612 ,
1869 3549 2002 3602 alte-

423 3648 542 3686 ram
577 3631 644 3686 de
669 3629 898 3686 Joanne.
959 3631 1115 3699 Quod
1160 3634 1447 3690 manifeste
1491 3636 1558 3692 de
1605 3637 1786 3693 verbis
1831 3637 2003 3708 ipsius

421 3723 786 3794 approbatur,
839 3725 892 3780 in
925 3725 1125 3796 quibus
1157 3729 1314 3798 quasi
1359 3729 1426 3784 de
1455 3731 1742 3799 prmsentia
1763 3769 1778 3795 ,
1822 3739 1878 3786 et
1907 3730 2004 3801 qui

421 3824 734 3870 versaretur
769 3817 822 3871 in
865 3817 1070 3872 mundo
1101 3818 1341 3889 loquitur
1389 3819 1688 3875 Salvatoris
1713 3862 1726 3884 ,
1779 3836 1844 3876 ac
1877 3821 2001 3876 dein

418 3909 490 3966 de
529 3909 692 3982 943
740 3908 948 3966 Joanne
1004 3927 1018 3966 :
1076 3906 1318 3982 Repletus
1370 3915 1510 3966 enim
1565 3911 1767 3982 Spiritu
1817 3921 2000 3966 sancto

419 4003 750 4074 prophetarit
770 4002 947 4057 dicens
973 4017 992 4056 :
1021 4001 1336 4058 Benedictus
1357 4003 1616 4058 Dominus
1637 4003 1774 4058 Deus
1805 4001 2000 4072 Israel,

363 4129 370 4139 ι
418 4093 546 4165 quia
579 4094 808 4149 uisitauit
836 4103 885 4150 et
913 4095 1040 4166 fecit
1067 4097 1476 4168 redemptionem
1518 4095 1683 4165 plebis
1715 4111 1846 4150 suaz.
1893 4093 1999 4150 .Vi-

420 4185 619 4242 sitante
633 4192 777 4242 enim
793 4196 850 4242 et
870 4187 979 4243 Deo
1004 4189 1218 4245 volente
1238 4189 1505 4244 redimere
1527 4187 1786 4258 populum
1812 4204 1996 4259 suum,

479 4327 531 4361 νδ
559 4325 646 4382 [sa
673 4341 727 4393 v,
757 4325 808 4380 i.
882 4326 928 4359 ”
952 4325 1167 4383 Coloss.
1201 4342 1253 4396 I,
1279 4324 1368 4381 20.

486 4457 622 4530 (φη
645 4455 872 4530 Eaedem
924 4457 1138 4530 senatus
1169 4474 1199 4530 ,τ
1252 4458 1342 4522 ἀς
1381 4459 1502 4530 γὰρ

415 4525 591 4599 ἡμῶν
613 4525 894 4599 Ἀβραὰμ,
919 4526 1011 4580 καὶ
1048 4527 1231 4599 Ἰσαὰκ
1256 4567 1271 4592 ,
1310 4525 1627 4599 καὶ’ῘΙὶ·ικ‹ἶ›6
1646 4569 1661 4594 ,
1693 4531 1784 4583 καὶ
1823 4525 1942 4594 ὂλός
1969 4525 1998 4586 ὁ

416 4596 575 4670 χρρδς
617 4596 726 4650 τῶύ
767 4596 1650 4670 ᾁγίωνῌπροφητῷνίκαὶλδικαίων
1676 4600 1998 4670 ἀπήλαυσαν

415 4665 518 4741 ἑῆς
547 4665 970 4741 πᾳρουσίαςμτοῦ
997 4665 1254 4741 Χριρτοῖξ.
1285 4669 1349 4721 El
1371 4667 1479 4740 γὰρ
1503 4665 1882 4741 εἰρηνοποιὴσε
1909 4671 1999 4741 διὰ

414 4735 512 4811 τοῦ
537 4735 766 4811 uitiatae;
790 4735 884 4811 τρῦ
914 4735 1146 4811 aruspex")
1181 4739 1344 4811 ᾳὺτοῦ
1449 4735 1513 4811 7:;
1540 4735 1688 4811 £ij
1711 4743 1780 4811 γῇ
1806 4735 1904 4794 Stal
1930 4740 2000 4794 τὰ

418 4810 477 4862 ἐν
501 4807 884 4878 τοὶίςιᾳύρᾳνοῖς
911 4807 1330 4878 κατὰτὸνᾼθείον
1369 4807 1688 4862 Ἀπόστολοϋ
1707 4807 1793 4863 “Et
1821 4811 2001 4874 ὀκνεῖς

420 4875 826 4959 πᾳραδέξαὲςραι
859 4877 940 4956 {Set
975 4879 1076 4959 uel
1099 4876 1234 4959 πρρς
1275 4880 1410 4959 δρῦς
1441 4879 1684 4959 τῖατέ-ροες
1723 4881 2000 4959 summai]

418 4945 645 5021 yéy'ove,
675 4945 771 5000 καὶ
794 4945 952 5021 τῴτο
972 4949 1110 5021 ἡλείς
1141 4945 1231 5021 ea»;
1272 4947 1405 5020 ᾅδην
1429 4945 1598 5021 αἰρτοῦ
1626 4948 1808 5018 ἄφιξις
1839 4945 2004 5021 ὲπραί

419 5015 802 5088 γματξὺσατο;
837 5015 906 5088 Ψ
933 5015 1071 5071 enim
1107 5015 1372 5088 arbitror;
1413 5019 1576 5072 etiam
1607 5015 1782 5088 patres
1829 5015 2002 5074 nostri

419 5084 726 5151 Abraham,
755 5097 804 5142 et
840 5086 1029 5153 Isaac,
1079 5097 1128 5142 et
1167 5084 1366 5154 Iacob,
1399 5099 1448 5143 et
1495 5084 1766 5144 uniuersus
1810 5091 2000 5145 chorus

420 5167 727 5210 sanctorum
768 5156 882 5225 ejus
929 5157 1300 5227 prophetarum
1353 5168 1402 5212 et
1447 5158 1750 5227 justorum,
1805 5159 2002 5214 Cltristi

419 5228 707 5300 prtesentia
747 5228 909 5300 fruiti
933 5225 1078 5281 sunt.
1122 5225 1183 5282 Si
1215 5228 1354 5300 enim
1391 5225 1552 5298 juxta
1592 5229 1827 5300 divinant
1861 5230 2004 5300 Apo-

421 5297 616 5371 stolum
653 5313 745 5367 per
763 5298 941 5371 crucis
981 5297 1429 5371 sumsanguinem
1457 5299 1758 5371 paciﬁcarit
1789 5316 1852 5352 ea
1887 5297 2004 5371 ante

422 5365 478 5439 in
511 5365 661 5421 terra
681 5378 730 5420 et
762 5382 880 5437 quae
925 5367 979 5420 in
1011 5367 1160 5439 cretis
1195 5365 1349 5432 sunt,
1381 5365 1508 5439 quid
1554 5365 1767 5422 dubitas
1797 5365 2004 5424 credere

423 5437 596 5505 ipsum
618 5453 820 5506 quoque
852 5445 1026 5500 patres
1063 5437 1328 5508 visitasse,
1358 5437 1407 5493 et
1442 5438 1554 5508 ejus
1580 5439 1648 5492 ad
1678 5440 1873 5505 inferos
1907 5440 2006 5492 ad-

421 5515 630 5561 uentum
663 5509 758 5559 hoc
788 5508 1066 5574 effecisse?
1095 5506 1313 5562 lin/aus.

495 5577 607 5649 (ἓξ)
651 5575 973 5649 suspicatur
1009 5577 1238 5649 lluctius
1273 5579 1577 5634 caelestium
1611 5581 1855 5644 nomine,
1884 5580 2007 5649 qui-

423 5644 528 5716 bus
555 5645 831 5699 Dominica
867 5646 1204 5714 dispensatio
1239 5649 1502 5716 profuerit
1527 5691 1542 5713 ,
1579 5667 1685 5703 non
1721 5644 2006 5703 modoau-

422 5715 668 5788 gclorum
713 5717 933 5771 ordines
954 5753 968 5782 ,
1005 5716 1096 5770 sed
1127 5725 1178 5771 ct
1213 5715 1388 5773 sidera
1440 5719 1552 5788 ipsa
1587 5720 1762 5775 notari
1793 5721 1860 5776 ab
1883 5721 2008 5776 Uri-
2051 5740 2058 5747 δ

2108 1911 2338 1968 salutem
2365 1929 2432 1968 ea:
2457 1913 2686 1967 inimicis
2722 1915 2940 1967 nostris.
2995 1909 3113 1966 Non
3146 1922 3402 1982 putemus
3442 1928 3586 1967 nunc
3615 1912 3686 1968 de

2107 2003 2489 2073 corporalibus
2521 2003 2759 2058 inimicis
2789 2002 2920 2066 dici,
2953 2003 3047 2058 sed
3078 2001 3146 2057 de
3173 2001 3529 2072 spiritalibus.
3575 2001 3682 2058 Ve-

2107 2094 2189 2149 nit
2215 2096 2360 2150 cnim
2395 2092 2660 2150 Dominus
2688 2091 2848 2149 Jcsus
2877 2092 3033 2148 fortis
3057 2092 3111 2146 in
3141 2093 3360 2162 prwlio,
3403 2093 3682 2148 destruet-6

2106 2202 2298 2243 onmcs
2332 2187 2585 2243 inimicos
2634 2197 2879 2252 nostros,
2912 2195 2972 2241 ut
3016 2199 3116 2240 nos
3152 2185 3218 2239 de
3241 2185 3457 2240 insidiis
3487 2201 3678 2239 eorum

2107 2276 2380 2332 liberaret.
2404 2275 2482 2330 De
2504 2292 2662 2330 manu
2678 2275 3014 2330 inimicorum
3040 2285 3339 2328 nostrorum
3364 2282 3413 2328 et
3435 2273 3498 2327 de
3521 2290 3680 2327 ma..u

2104 2383 2286 2422 eorum
2325 2367 2417 2437 qui
2462 2381 2554 2420 nos
2598 2365 2840 2420 oderunt.
2885 2363 3085 2418 Facere
3118 2365 3534 2418 misericordiam
3557 2381 3680 2418 cum

2103 2459 2345 2529 patribus
2373 2458 2567 2512 nostris
2589 2457 2724 2530 (27).
2747 2455 2860 2528 Ego
2887 2465 3018 2526 puto
3039 2455 3206 2526 quod,
3227 2454 3280 2510 in
3309 2455 3537 2510 adventu
3571 2453 3675 2510 Do-

2105 2546 2240 2602 mini
2277 2545 2616 2612 Salvatoris,
2655 2557 2710 2602 et
2753 2547 3064 2610 Abraham,
3102 2553 3158 2600 et
3203 2543 3385 2611 Isaac,
3425 2543 3684 2600 ctJacolr

2105 2637 2258 2693 fruiti
2303 2637 2414 2694 sint
2445 2637 2822 2693 misericordia
2855 2636 2974 2692 Dei.
3030 2633 3212 2706 Neque
3239 2637 3382 2692 enim
3415 2635 3687 2692 credibile

2104 2738 2208 2796 est,
2230 2729 2406 2799 utqui
2437 2729 2590 2799 prius
2613 2728 2859 2784 viderent
2890 2727 3035 2784 diem
3061 2727 3228 2795 illius,
3249 2738 3301 2783 et
3327 2727 3492 2783 laetati
3522 2737 3681 2795 sunt,

2104 2827 2292 2890 postea
2323 2819 2376 2872 in
2405 2820 2640 2874 adventu
2674 2819 2847 2890 ipsius
2867 2859 2884 2886 ,
2925 2828 2980 2874 et
3020 2818 3301 2876 nativitate
3336 2820 3405 2876 de
3434 2819 3678 2892 Virgine,

2104 2913 2242 2969 nihil
2293 2912 2545 2968 utilitatis
2593 2913 2923 2982 acceperint.
2984 2911 3050 2967 Et
3099 2911 3230 2982 quid
3259 2911 3328 2967 de
3354 2911 3680 2982 patriarchis

2105 3004 2336 3074 loquor?
2371 3003 2454 3058 Ad
2495 3003 2690 3059 altiora
2740 3001 3145 3074 Scripturarum
3179 3004 3556 3058 auctoritatem
3589 3019 3674 3058 se-

2103 3107 2279 3163 quens
2313 3093 2570 3148 audacter
2597 3095 2926 3160 ascendam,
2971 3093 3228 3163 quoniam
3257 3092 3542 3163 praesentia
3571 3091 3678 3147 Do-

2107 3185 2239 3240 mini
2271 3183 2399 3240 Jcsu
2445 3193 2502 3240 et
2544 3185 2880 3255 dispensatio
2915 3184 3060 3240 illius
3089 3198 3197 3237 non
3232 3185 3412 3239 solum
3441 3193 3680 3250 terrena,

2107 3276 2201 3332 sed
2228 3275 2392 3330 etiam
2425 3273 2540 3346 (28)
2568 3274 2810 3330 ccelcstia
2854 3275 3076 3344 juverit.
3113 3271 3268 3328 Unde
3307 3281 3362 3329 et
3389 3273 3680 3344 Apostolus

2107 3369 2184 3423 ait
2209 3369 2254 3400 "
2287 3385 2300 3422 :
2335 3367 2530 3422 Pacem
2557 3367 2757 3438 faciens
2782 3383 2874 3438 per
2895 3367 3200 3434 sanguinem
3225 3365 3397 3420 crucis
3419 3381 3555 3428 suat,
3577 3365 3682 3419 sive

2107 3477 2262 3531 super
2289 3468 2521 3527 terram,
2561 3459 2668 3514 sire
2691 3460 2745 3513 in
2764 3459 2926 3513 caelis.
2986 3457 3045 3512 Si
3077 3466 3258 3512 autem
3289 3457 3342 3510 in
3371 3457 3524 3512 ccelis
3547 3465 3598 3511 et
3623 3457 3677 3509 in

2111 3561 2256 3608 terra
2281 3551 2570 3623 prmsentia
2597 3551 2810 3606 Domini
2859 3548 3096 3620 profuit,
3133 3564 3234 3606 cur
3266 3564 3466 3621 paveas
3500 3549 3678 3604 dicere

2107 3645 2255 3717 quod
2300 3643 2564 3700 adventus
2607 3645 2753 3699 illius
2800 3645 2962 3699 etiam
3007 3644 3308 3715 majoribus
3352 3643 3585 3714 profuit,
3619 3650 3680 3698 ut

2108 3739 2396 3808 impleatur
2424 3737 2567 3808 quod
2597 3738 2799 3793 dicitur
2829 3757 2844 3794 :
2879 3737 3076 3793 Facere
3113 3737 3527 3792 misericordiam
3553 3751 3677 3788 cum

2103 3831 2346 3902 patribus
2377 3830 2596 3896 nostris,
2627 3837 2677 3884 et
2710 3830 2982 3884 recordari
3013 3832 3312 3884 testamenti
3350 3828 3519 3882 sancti
3564 3827 3674 3893 sui,

2095 3922 2393 3992 juramenti
2418 3921 2558 3991 quod
2577 3921 2782 3992 juravit
2807 3921 2876 3974 ad
2899 3921 3166 3976 Abraham
3189 3929 3390 3991 patrem
3411 3928 3672 3984 nostrum,

2103 4022 2161 4067 ut
2185 4013 2338 4066 daret
2365 4013 2514 4068 nobis
2539 4013 2734 4085 absque
2758 4017 2945 4070 timore
2971 4015 3035 4067 de
3060 4029 3221 4067 manu
3241 4011 3573 4066 inimicorum
3605 4008 3676 4062 li-

2103 4103 2319 4161 berari?
2347 4105 2459 4176 (29)
2499 4105 2706 4162 Crebro
2751 4106 2818 4161 de
2851 4104 3089 4162 hostium
3135 4119 3297 4159 manu
3345 4102 3514 4173 aliqui
3543 4101 3676 4156 lihe-

2103 4203 2318 4263 rautur,
2370 4193 2468 4252 sed
2511 4209 2622 4252 non
2656 4195 2864 4269 absque
2911 4195 3122 4253 timore.
3163 4195 3300 4251 Cum
3327 4194 3471 4248 enim
3498 4200 3676 4248 metus

1559 4453 1710 4534 ρῖμαι
1756 4459 1996 4534 raritas;

2106 4475 2264 4533 gene,
2317 4462 2517 4534 quippe
2557 4477 2680 4534 quae
2731 4479 2838 4518 non
2881 4463 3061 4518 anima
3097 4461 3290 4534 modo,
3328 4461 3420 4517 sed
3457 4461 3676 4534 ratione

2097 4532 2260 4588 etiam
2309 4532 2530 4602 praedita
2579 4532 2884 4589 arbitratus
2938 4535 3028 4588 sit.
3089 4533 3221 4599 Qua:
3249 4541 3428 4602 autem
3466 4532 3677 4589 ratione

2099 4601 2335 4672 pollenti,
2370 4611 2593 4672 peccato
2622 4618 2744 4657 esse
2767 4603 3040 4666 obnoxia,
3077 4613 3132 4656 et
3171 4601 3493 4673 purgatione.
3534 4603 3677 4656 indi-

2101 4670 2228 4742 gere
2273 4690 2288 4725 :
2338 4670 2485 4742 quod
2528 4673 2770 4728 oli‘icium
2826 4673 2934 4728 illis
2977 4681 3151 4727 morte
3173 4670 3611 4742 sua—exhibitnm
3644 4690 3672 4742 a

2101 4741 2322 4797 Christo
2353 4741 2660 4797 crediderit.
2717 4741 2920 4797 Confer
2941 4742 3102 4811 paulo
3131 4741 3360 4796 inferius
3389 4741 3576 4811 homil.
3605 4741 3676 4796 23

2099 4821 2154 4866 et
2184 4827 2306 4882 qua;
2341 4813 2412 4865 ibi
2455 4813 2521 4866 de
2561 4812 2864 4868 caelestium
2913 4810 3240 4881 potestatum
3289 4810 3534 4882 proiectu
3585 4827 3676 4881 per

2102 4880 2318 4952 Christi
2362 4889 2588 4937 mortem
2636 4893 2800 4951 atque
2833 4880 3088 4936 EcClesiaa
3136 4880 3677 4952 prcedicationeniex

2101 4950 2430 5044 Origetiana
2465 4950 2732 5010 sententia
2765 4952 3020 5006 dicimus.

2178 5022 2287 5044 tum
2333 5021 2540 5044 ..Ἢ-λη..-
2578 5023 2786 5044 -..ι--.],.
2835 5030 2878 5044 -1
2913 5021 3020 5044 ιι--

2175 5019 2544 5107 (Wfﬁn-dem
2567 5023 2808 5107 rschedze,
2830 5030 2885 5076 et
2911 5019 3678 5107 biaieariusChm'socf‘phalus

2101 5089 2205 5146 ms.
2235 5089 2376 5146 orat.
2413 5092 2434 5144 1
2471 5092 2522 5146 in
2556 5101 2738 5145 ortum
2776 5092 2948 5145 sancti
2975 5089 3242 5144 Joannis:
3286 5089 3502 5146 Ἐπειδὴ
3545 5089 3676 5142 πολ-

2101 5161 2258 5240 ξᾲκις
2285 5161 2503 5240 paen-al
2524 5178 2668 5240 rivi;
2689 5161 2961 5240 girls)»;
2983 5159 3214 5240 ὲχθρῶγ,
3239 5161 3377 5240 μετὰ
3401 5159 3565 5240 φὸὀορ
3589 5159 3672 5240 δὲ,

2100 5231 2190 5302 διὰ
2217 5229 2376 5284 τοῦτό
2406 5247 2566 5302 φηᾳιο
2609 5231 2720 5284 Τοῦ
2744 5229 2956 5302 deﬂuat
2986 5229 3134 5302 ἡμῖν
3159 5231 3425 5302 ἀφόϐως,
3471 5229 3564 5302 καῇ
3609 5229 3679 5302 ei

2105 5301 2254 5371 ἑξῆς.
2298 5299 2427 5354 Κατ
2449 5299 2558 5371 Ῠὰρ
2581 5302 2615 5371 ἡ
2643 5301 2878 5371 Χριστοῦ
2913 5300 3176 5371 ἐπιδημία.
3207 5299 3678 5371 πρξτοίηκεγᾼὴμᾷς

2103 5368 2320 5451 satiin
2361 5373 2424 5423 ἐκ
2463 5368 2644 5451 xaris
2681 5368 2890 5451 ἔχθρξέν
2927 5368 3088 5451 ἠριῶῖ
3131 5368 3680 5451 evellant-“0°15?

2104 5437 2582 5525 ﬂabdlrbqpsv-aﬁi;
2598 5437 2904 5525 ⁴ὲπιόοὐλῆς
2934 5437 3043 5525 trth
3072 5437 3677 5525 é’xbptiiv,'&)tk’.aicpllf

2102 5497 2212 5598 8133
2238 5497 2655 5598 ἦρῶςεγήίὶᾶς
2674 5549 2689 5574 ,
2705 5497 3064 5598 perueniant;
3088 5497 3183 5598 ξπ³
3214 5497 3436 5598 ξκξίνοξν
3466 5497 3678 5598 ξπὶξξδν

2107 5575 2311 5652 iam»
2341 5581 2434 5652 ita).
2457 5575 2561 5650 'c-ipt
2584 5575 2784 5652 μερίδα
2817 5575 3002 5652 αὐτοῦ.
3037 5579 3132 5652 Διῇ
3160 5577 3252 5652 nat
3279 5575 3678 5652 ἡμεζςβφξίλο-

2109 5647 2522 5722 μξήᾌατρεύξωξ
2538 5647 2684 5722 αὖτῷ
2707 5653 2764 5703 ἐν
2791 5650 3148 5722 ὁᾳιότητξχαὶ
3172 5647 3486 5722 δικαιοᾳύγῂ
3509 5663 3520 5676 ·
3541 5647 3676 5722 ὅπερ

2107 5716 2166 5773 eo
2199 5716 2405 5791 yivafat
2441 5719 2531 5774 διά
2563 5716 2684 5778 τινὰ
2716 5721 2938 5790 καιρὸν,
2960 5716 3106 5774 ’ἀλλὰ
3134 5718 3310 5781 πάσας
3338 5716 3550 5788 ήμέῥας
3573 5716 3671 5785 τῆς
