  <div class='ocr_page' id='page_1' title='image "/cluster/home/n/w/nwhite01/storage/ocr_20150623/13/mdp.39015007036059/926.png"; bbox 0 0 4084 6302; ppageno 0'>
   <div class='ocr_carea' id='block_1_1' title="bbox 415 410 552 463">
    <p class='ocr_par' dir='ltr' id='par_1_1' title="bbox 415 410 552 463">
     <span class='ocr_line' id='line_1_1' title="bbox 415 410 552 463; baseline 0.007 -2"><span class='ocrx_word' id='word_1_1' title='bbox 415 410 552 463; x_wconf 68' lang='grc'><strong>1825</strong></span> 
     </span>
    </p>
   </div>
   <div class='ocr_carea' id='block_1_2' title="bbox 1611 403 2419 461">
    <p class='ocr_par' dir='ltr' id='par_1_2' title="bbox 1611 403 2419 461">
     <span class='ocr_line' id='line_1_2' title="bbox 1611 403 2419 461; baseline -0.004 -2"><span class='ocrx_word' id='word_1_2' title='bbox 1611 406 1679 459; x_wconf 51' lang='grc' dir='ltr'><strong>ιιι</strong></span> <span class='ocrx_word' id='word_1_3' title='bbox 1715 404 1953 461; x_wconf 80' lang='lat' dir='ltr'><strong>LUCAM</strong></span> <span class='ocrx_word' id='word_1_4' title='bbox 1994 404 2283 460; x_wconf 80' lang='lat' dir='ltr'><strong>HOMlLlA</strong></span> <span class='ocrx_word' id='word_1_5' title='bbox 2326 403 2419 457; x_wconf 81' lang='lat' dir='ltr'><strong>Xl.</strong></span> 
     </span>
    </p>
   </div>
   <div class='ocr_carea' id='block_1_3' title="bbox 3548 407 3685 464">
    <p class='ocr_par' dir='ltr' id='par_1_3' title="bbox 3548 407 3685 464">
     <span class='ocr_line' id='line_1_3' title="bbox 3548 407 3685 464; baseline 0.015 -3"><span class='ocrx_word' id='word_1_6' title='bbox 3548 407 3685 464; x_wconf 72' lang='grc'><strong>1826</strong></span> 
     </span>
    </p>
   </div>
   <div class='ocr_carea' id='block_1_4' title="bbox 414 512 3709 601">
    <p class='ocr_par' dir='ltr' id='par_1_4' title="bbox 414 512 3709 601">
     <span class='ocr_line' id='line_1_4' title="bbox 414 512 3709 601; baseline 0 -19"><span class='ocrx_word' id='word_1_7' title='bbox 414 528 707 584; x_wconf 76' lang='lat' dir='ltr'><strong>discrimen</strong></span> <span class='ocrx_word' id='word_1_8' title='bbox 743 540 865 585; x_wconf 86' lang='lat' dir='ltr'><strong>ante</strong></span> <span class='ocrx_word' id='word_1_9' title='bbox 896 512 1302 601; x_wconf 71' lang='lat' dir='ltr'><strong>prseccsscrint,</strong></span> <span class='ocrx_word' id='word_1_10' title='bbox 1355 534 1412 581; x_wconf 92' lang='lat' dir='ltr'><strong>et</strong></span> <span class='ocrx_word' id='word_1_11' title='bbox 1437 527 1510 583; x_wconf 87' lang='lat' dir='ltr'><strong>ita</strong></span> <span class='ocrx_word' id='word_1_12' title='bbox 1549 527 1618 582; x_wconf 93' lang='lat' dir='ltr'><strong>de</strong></span> <span class='ocrx_word' id='word_1_13' title='bbox 1645 528 1995 582; x_wconf 85' lang='lat' dir='ltr'><strong>inimicorum</strong></span> <span class='ocrx_word' id='word_1_14' title='bbox 2028 531 2069 586; x_wconf 88' lang='grc' dir='ltr'><strong>Α</strong></span> <span class='ocrx_word' id='word_1_15' title='bbox 2103 525 2196 579; x_wconf 92' lang='lat' dir='ltr'><strong>sed</strong></span> <span class='ocrx_word' id='word_1_16' title='bbox 2233 534 2378 593; x_wconf 87' lang='lat' dir='ltr'><strong>post,</strong></span> <span class='ocrx_word' id='word_1_17' title='bbox 2407 535 2463 579; x_wconf 91' lang='lat' dir='ltr'><strong>et</strong></span> <span class='ocrx_word' id='word_1_18' title='bbox 2490 523 2721 595; x_wconf 76' lang='lat' dir='ltr'><strong>expletis</strong></span> <span class='ocrx_word' id='word_1_19' title='bbox 2746 524 2860 595; x_wconf 85' lang='lat' dir='ltr'><strong>jam</strong></span> <span class='ocrx_word' id='word_1_20' title='bbox 2890 524 3068 580; x_wconf 68' lang='lat' dir='ltr'><strong>astatis</strong></span> <span class='ocrx_word' id='word_1_21' title='bbox 3094 538 3208 580; x_wconf 66' lang='lat' dir='ltr'><strong>sua:</strong></span> <span class='ocrx_word' id='word_1_22' title='bbox 3228 526 3412 589; x_wconf 88' lang='lat' dir='ltr'><strong>annis,</strong></span> <span class='ocrx_word' id='word_1_23' title='bbox 3462 525 3599 595; x_wconf 73' lang='lat' dir='ltr'><strong>fugit</strong></span> <span class='ocrx_word' id='word_1_24' title='bbox 3621 517 3709 599; x_wconf 73' lang='lat' dir='ltr'><strong>cul</strong></span> 
     </span>
    </p>
   </div>
   <div class='ocr_carea' id='block_1_5' title="bbox 414 612 1998 691">
    <p class='ocr_par' dir='ltr' id='par_1_5' title="bbox 414 612 1998 691">
     <span class='ocr_line' id='line_1_5' title="bbox 414 612 1998 691; baseline -0.003 -17"><span class='ocrx_word' id='word_1_25' title='bbox 414 635 580 674; x_wconf 81' lang='lat' dir='ltr'><strong>manu</strong></span> <span class='ocrx_word' id='word_1_26' title='bbox 604 621 727 691; x_wconf 87' lang='lat' dir='ltr'><strong>quis</strong></span> <span class='ocrx_word' id='word_1_27' title='bbox 753 621 912 675; x_wconf 78' lang='lat' dir='ltr'><strong>fuerit</strong></span> <span class='ocrx_word' id='word_1_28' title='bbox 935 630 1156 683; x_wconf 87' lang='lat' dir='ltr'><strong>erutus,</strong></span> <span class='ocrx_word' id='word_1_29' title='bbox 1191 612 1465 673; x_wconf 74' lang='lat' dir='ltr'><strong>liberatur</strong></span> <span class='ocrx_word' id='word_1_30' title='bbox 1488 620 1733 688; x_wconf 84' lang='lat' dir='ltr'><strong>quidem,</strong></span> <span class='ocrx_word' id='word_1_31' title='bbox 1763 619 1857 673; x_wconf 87' lang='lat' dir='ltr'><strong>sed</strong></span> <span class='ocrx_word' id='word_1_32' title='bbox 1889 633 1998 671; x_wconf 89' lang='lat' dir='ltr'><strong>non</strong></span> 
     </span>
    </p>
   </div>
   <div class='ocr_carea' id='block_1_6' title="bbox 418 708 1998 765">
    <p class='ocr_par' dir='ltr' id='par_1_6' title="bbox 418 708 1998 765">
     <span class='ocr_line' id='line_1_6' title="bbox 418 708 1998 765; baseline 0 0"><span class='ocrx_word' id='word_1_33' title='bbox 418 711 543 765; x_wconf 87' lang='lat' dir='ltr'><strong>sine</strong></span> <span class='ocrx_word' id='word_1_34' title='bbox 571 712 784 765; x_wconf 88' lang='lat' dir='ltr'><strong>timore.</strong></span> <span class='ocrx_word' id='word_1_35' title='bbox 842 710 1012 764; x_wconf 79' lang='lat' dir='ltr'><strong>Porro</strong></span> <span class='ocrx_word' id='word_1_36' title='bbox 1039 709 1315 765; x_wconf 80' lang='lat' dir='ltr'><strong>adventus</strong></span> <span class='ocrx_word' id='word_1_37' title='bbox 1340 709 1555 764; x_wconf 91' lang='lat' dir='ltr'><strong>Domini</strong></span> <span class='ocrx_word' id='word_1_38' title='bbox 1582 708 1709 764; x_wconf 84' lang='lat' dir='ltr'><strong>Jesu</strong></span> <span class='ocrx_word' id='word_1_39' title='bbox 1740 710 1807 764; x_wconf 88' lang='lat' dir='ltr'><strong>de</strong></span> <span class='ocrx_word' id='word_1_40' title='bbox 1835 724 1998 765; x_wconf 87' lang='lat' dir='ltr'><strong>manu</strong></span> 
     </span>
    </p>
   </div>
   <div class='ocr_carea' id='block_1_7' title="bbox 418 799 1997 869">
    <p class='ocr_par' dir='ltr' id='par_1_7' title="bbox 418 799 1997 869">
     <span class='ocr_line' id='line_1_7' title="bbox 418 799 1997 869; baseline 0.002 -15"><span class='ocrx_word' id='word_1_41' title='bbox 418 800 766 854; x_wconf 86' lang='lat' dir='ltr'><strong>inimicorum</strong></span> <span class='ocrx_word' id='word_1_42' title='bbox 818 799 1025 869; x_wconf 85' lang='lat' dir='ltr'><strong>absque</strong></span> <span class='ocrx_word' id='word_1_43' title='bbox 1080 800 1278 854; x_wconf 86' lang='lat' dir='ltr'><strong>timore</strong></span> <span class='ocrx_word' id='word_1_44' title='bbox 1327 817 1429 857; x_wconf 90' lang='lat' dir='ltr'><strong>nos</strong></span> <span class='ocrx_word' id='word_1_45' title='bbox 1473 802 1639 857; x_wconf 89' lang='lat' dir='ltr'><strong>eruit.</strong></span> <span class='ocrx_word' id='word_1_46' title='bbox 1692 800 1809 857; x_wconf 89' lang='lat' dir='ltr'><strong>Non</strong></span> <span class='ocrx_word' id='word_1_47' title='bbox 1852 803 1997 857; x_wconf 92' lang='lat' dir='ltr'><strong>enim</strong></span> 
     </span>
    </p>
   </div>
   <div class='ocr_carea' id='block_1_8' title="bbox 412 889 2002 963">
    <p class='ocr_par' dir='ltr' id='par_1_8' title="bbox 412 889 2002 963">
     <span class='ocr_line' id='line_1_8' title="bbox 412 889 2002 963; baseline 0.001 -18"><span class='ocrx_word' id='word_1_48' title='bbox 412 889 689 945; x_wconf 72' lang='lat' dir='ltr'><strong>sensimus</strong></span> <span class='ocrx_word' id='word_1_49' title='bbox 734 890 990 947; x_wconf 87' lang='lat' dir='ltr'><strong>inimicos</strong></span> <span class='ocrx_word' id='word_1_50' title='bbox 1034 903 1278 959; x_wconf 85' lang='lat' dir='ltr'><strong>nostros,</strong></span> <span class='ocrx_word' id='word_1_51' title='bbox 1317 907 1417 948; x_wconf 92' lang='lat' dir='ltr'><strong>nec</strong></span> <span class='ocrx_word' id='word_1_52' title='bbox 1450 908 1547 947; x_wconf 91' lang='lat' dir='ltr'><strong>eos</strong></span> <span class='ocrx_word' id='word_1_53' title='bbox 1575 893 1813 948; x_wconf 78' lang='lat' dir='ltr'><strong>vidimus</strong></span> <span class='ocrx_word' id='word_1_54' title='bbox 1839 909 2002 963; x_wconf 90' lang='lat' dir='ltr'><strong>repu-</strong></span> 
     </span>
    </p>
   </div>
   <div class='ocr_carea' id='block_1_9' title="bbox 412 980 2000 1052">
    <p class='ocr_par' dir='ltr' id='par_1_9' title="bbox 412 980 2000 1052">
     <span class='ocr_line' id='line_1_9' title="bbox 412 980 2000 1052; baseline 0.002 -20"><span class='ocrx_word' id='word_1_55' title='bbox 412 988 679 1047; x_wconf 70' lang='lat' dir='ltr'><strong>gnanles;</strong></span> <span class='ocrx_word' id='word_1_56' title='bbox 711 981 806 1035; x_wconf 90' lang='lat' dir='ltr'><strong>sed</strong></span> <span class='ocrx_word' id='word_1_57' title='bbox 851 981 1130 1036; x_wconf 88' lang='lat' dir='ltr'><strong>nescimus</strong></span> <span class='ocrx_word' id='word_1_58' title='bbox 1169 982 1448 1051; x_wconf 89' lang='lat' dir='ltr'><strong>quomodo</strong></span> <span class='ocrx_word' id='word_1_59' title='bbox 1481 991 1704 1052; x_wconf 83' lang='lat' dir='ltr'><strong>repente</strong></span> <span class='ocrx_word' id='word_1_60' title='bbox 1736 983 1802 1037; x_wconf 87' lang='lat' dir='ltr'><strong>dc</strong></span> <span class='ocrx_word' id='word_1_61' title='bbox 1828 980 2000 1036; x_wconf 78' lang='lat' dir='ltr'><strong>fatici-</strong></span> 
     </span>
    </p>
   </div>
   <div class='ocr_carea' id='block_1_10' title="bbox 416 1068 2000 1143">
    <p class='ocr_par' dir='ltr' id='par_1_10' title="bbox 416 1068 2000 1143">
     <span class='ocr_line' id='line_1_10' title="bbox 416 1068 2000 1143; baseline 0.003 -21"><span class='ocrx_word' id='word_1_62' title='bbox 416 1068 518 1123; x_wconf 91' lang='lat' dir='ltr'><strong>bus</strong></span> <span class='ocrx_word' id='word_1_63' title='bbox 542 1085 732 1124; x_wconf 89' lang='lat' dir='ltr'><strong>eorum</strong></span> <span class='ocrx_word' id='word_1_64' title='bbox 763 1079 818 1125; x_wconf 90' lang='lat' dir='ltr'><strong>et</strong></span> <span class='ocrx_word' id='word_1_65' title='bbox 853 1070 1068 1127; x_wconf 80' lang='lat' dir='ltr'><strong>insidiis</strong></span> <span class='ocrx_word' id='word_1_66' title='bbox 1089 1072 1260 1141; x_wconf 83' lang='lat' dir='ltr'><strong>erepti</strong></span> <span class='ocrx_word' id='word_1_67' title='bbox 1291 1087 1505 1140; x_wconf 90' lang='lat' dir='ltr'><strong>sumus,</strong></span> <span class='ocrx_word' id='word_1_68' title='bbox 1527 1073 1579 1126; x_wconf 92' lang='lat' dir='ltr'><strong>in</strong></span> <span class='ocrx_word' id='word_1_69' title='bbox 1611 1083 1813 1143; x_wconf 92' lang='lat' dir='ltr'><strong>puncto</strong></span> <span class='ocrx_word' id='word_1_70' title='bbox 1837 1082 2000 1143; x_wconf 91' lang='lat' dir='ltr'><strong>alque</strong></span> 
     </span>
    </p>
   </div>
   <div class='ocr_carea' id='block_1_11' title="bbox 417 1163 2000 1234">
    <p class='ocr_par' dir='ltr' id='par_1_11' title="bbox 417 1163 2000 1234">
     <span class='ocr_line' id='line_1_11' title="bbox 417 1163 2000 1234; baseline 0.004 -21"><span class='ocrx_word' id='word_1_71' title='bbox 417 1171 718 1227; x_wconf 85' lang='lat' dir='ltr'><strong>momento,</strong></span> <span class='ocrx_word' id='word_1_72' title='bbox 750 1170 803 1215; x_wconf 85' lang='lat' dir='ltr'><strong>et</strong></span> <span class='ocrx_word' id='word_1_73' title='bbox 832 1163 1110 1217; x_wconf 75' lang='lat' dir='ltr'><strong>transtulit</strong></span> <span class='ocrx_word' id='word_1_74' title='bbox 1143 1179 1246 1217; x_wconf 90' lang='lat' dir='ltr'><strong>nos</strong></span> <span class='ocrx_word' id='word_1_75' title='bbox 1280 1164 1333 1218; x_wconf 91' lang='lat' dir='ltr'><strong>in</strong></span> <span class='ocrx_word' id='word_1_76' title='bbox 1366 1165 1735 1219; x_wconf 79' lang='lat' dir='ltr'><strong>luereditatem</strong></span> <span class='ocrx_word' id='word_1_77' title='bbox 1762 1179 2000 1234; x_wconf 85' lang='lat' dir='ltr'><strong>partem-</strong></span> 
     </span>
    </p>
   </div>
   <div class='ocr_carea' id='block_1_12' title="bbox 416 1254 1999 1323">
    <p class='ocr_par' dir='ltr' id='par_1_12' title="bbox 416 1254 1999 1323">
     <span class='ocr_line' id='line_1_12' title="bbox 416 1254 1999 1323; baseline 0.003 -17"><span class='ocrx_word' id='word_1_78' title='bbox 416 1268 523 1322; x_wconf 86' lang='lat' dir='ltr'><strong>que</strong></span> <span class='ocrx_word' id='word_1_79' title='bbox 551 1254 852 1323; x_wconf 85' lang='lat' dir='ltr'><strong>justorum.</strong></span> <span class='ocrx_word' id='word_1_80' title='bbox 893 1254 964 1309; x_wconf 86' lang='lat' dir='ltr'><strong>Et</strong></span> <span class='ocrx_word' id='word_1_81' title='bbox 995 1255 1208 1309; x_wconf 81' lang='lat' dir='ltr'><strong>liberati</strong></span> <span class='ocrx_word' id='word_1_82' title='bbox 1243 1273 1427 1311; x_wconf 87' lang='lat' dir='ltr'><strong>sumus</strong></span> <span class='ocrx_word' id='word_1_83' title='bbox 1469 1258 1532 1311; x_wconf 89' lang='lat' dir='ltr'><strong>de</strong></span> <span class='ocrx_word' id='word_1_84' title='bbox 1563 1274 1724 1311; x_wconf 87' lang='lat' dir='ltr'><strong>manu</strong></span> <span class='ocrx_word' id='word_1_85' title='bbox 1756 1259 1999 1311; x_wconf 84' lang='lat' dir='ltr'><strong>inimico-</strong></span> 
     </span>
    </p>
   </div>
   <div class='ocr_carea' id='block_1_13' title="bbox 416 1344 2000 1418">
    <p class='ocr_par' dir='ltr' id='par_1_13' title="bbox 416 1344 2000 1418">
     <span class='ocr_line' id='line_1_13' title="bbox 416 1344 2000 1418; baseline 0.005 -24"><span class='ocrx_word' id='word_1_86' title='bbox 416 1358 536 1395; x_wconf 67' lang='lat' dir='ltr'><strong>rum</strong></span> <span class='ocrx_word' id='word_1_87' title='bbox 566 1344 678 1397; x_wconf 81' lang='lat' dir='ltr'><strong>sine</strong></span> <span class='ocrx_word' id='word_1_88' title='bbox 718 1354 880 1409; x_wconf 81' lang='lat' dir='ltr'><strong>metu,</strong></span> <span class='ocrx_word' id='word_1_89' title='bbox 912 1357 966 1399; x_wconf 92' lang='lat' dir='ltr'><strong>ut</strong></span> <span class='ocrx_word' id='word_1_90' title='bbox 991 1349 1282 1402; x_wconf 86' lang='lat' dir='ltr'><strong>serviamus</strong></span> <span class='ocrx_word' id='word_1_91' title='bbox 1309 1347 1415 1402; x_wconf 82' lang='lat' dir='ltr'><strong>Deo</strong></span> <span class='ocrx_word' id='word_1_92' title='bbox 1442 1348 1498 1402; x_wconf 89' lang='lat' dir='ltr'><strong>in</strong></span> <span class='ocrx_word' id='word_1_93' title='bbox 1522 1349 1808 1404; x_wconf 84' lang='lat' dir='ltr'><strong>sanctitate</strong></span> <span class='ocrx_word' id='word_1_94' title='bbox 1838 1359 1886 1403; x_wconf 92' lang='lat' dir='ltr'><strong>et</strong></span> <span class='ocrx_word' id='word_1_95' title='bbox 1906 1349 2000 1418; x_wconf 83' lang='lat' dir='ltr'><strong>ju-</strong></span> 
     </span>
    </p>
   </div>
   <div class='ocr_carea' id='block_1_14' title="bbox 416 1433 1995 1509">
    <p class='ocr_par' dir='ltr' id='par_1_14' title="bbox 416 1433 1995 1509">
     <span class='ocr_line' id='line_1_14' title="bbox 416 1433 1995 1509; baseline 0.005 -24"><span class='ocrx_word' id='word_1_96' title='bbox 416 1433 566 1487; x_wconf 82' lang='lat' dir='ltr'><strong>stitia</strong></span> <span class='ocrx_word' id='word_1_97' title='bbox 598 1450 778 1487; x_wconf 89' lang='lat' dir='ltr'><strong>coram</strong></span> <span class='ocrx_word' id='word_1_98' title='bbox 798 1451 858 1488; x_wconf 89' lang='lat' dir='ltr'><strong>eo</strong></span> <span class='ocrx_word' id='word_1_99' title='bbox 891 1437 1133 1490; x_wconf 87' lang='lat' dir='ltr'><strong>omnibus</strong></span> <span class='ocrx_word' id='word_1_100' title='bbox 1161 1437 1345 1492; x_wconf 82' lang='lat' dir='ltr'><strong>diebus</strong></span> <span class='ocrx_word' id='word_1_101' title='bbox 1378 1440 1597 1494; x_wconf 79' lang='lat' dir='ltr'><strong>nostris.</strong></span> <span class='ocrx_word' id='word_1_102' title='bbox 1642 1438 1709 1492; x_wconf 85' lang='lat' dir='ltr'><strong>Et</strong></span> <span class='ocrx_word' id='word_1_103' title='bbox 1743 1449 1820 1506; x_wconf 88' lang='lat' dir='ltr'><strong>tu,</strong></span> <span class='ocrx_word' id='word_1_104' title='bbox 1848 1456 1995 1509; x_wconf 84' lang='lat' dir='ltr'><strong>puer,</strong></span> 
     </span>
    </p>
   </div>
   <div class='ocr_carea' id='block_1_15' title="bbox 416 1525 1995 1601">
    <p class='ocr_par' dir='ltr' id='par_1_15' title="bbox 416 1525 1995 1601">
     <span class='ocr_line' id='line_1_15' title="bbox 416 1525 1995 1601; baseline 0.006 -25"><span class='ocrx_word' id='word_1_105' title='bbox 416 1525 671 1594; x_wconf 82' lang='lat' dir='ltr'><strong>propheta</strong></span> <span class='ocrx_word' id='word_1_106' title='bbox 723 1526 988 1581; x_wconf 84' lang='lat' dir='ltr'><strong>Altissimi</strong></span> <span class='ocrx_word' id='word_1_107' title='bbox 1047 1529 1335 1584; x_wconf 80' lang='lat' dir='ltr'><strong>vocaberis.</strong></span> <span class='ocrx_word' id='word_1_108' title='bbox 1408 1531 1563 1600; x_wconf 82' lang='lat' dir='ltr'><strong>Apud</strong></span> <span class='ocrx_word' id='word_1_109' title='bbox 1611 1534 1995 1601; x_wconf 81' lang='lat' dir='ltr'><strong>memetipsum</strong></span> 
     </span>
    </p>
   </div>
   <div class='ocr_carea' id='block_1_16' title="bbox 417 1619 1995 1693">
    <p class='ocr_par' dir='ltr' id='par_1_16' title="bbox 417 1619 1995 1693">
     <span class='ocr_line' id='line_1_16' title="bbox 417 1619 1995 1693; baseline 0.006 -23"><span class='ocrx_word' id='word_1_110' title='bbox 417 1632 669 1685; x_wconf 78' lang='lat' dir='ltr'><strong>qutereus</strong></span> <span class='ocrx_word' id='word_1_111' title='bbox 697 1619 959 1675; x_wconf 91' lang='lat' dir='ltr'><strong>rationem</strong></span> <span class='ocrx_word' id='word_1_112' title='bbox 987 1637 1158 1690; x_wconf 91' lang='lat' dir='ltr'><strong>quare</strong></span> <span class='ocrx_word' id='word_1_113' title='bbox 1196 1638 1305 1677; x_wconf 91' lang='lat' dir='ltr'><strong>non</strong></span> <span class='ocrx_word' id='word_1_114' title='bbox 1348 1624 1505 1693; x_wconf 85' lang='lat' dir='ltr'><strong>quasi</strong></span> <span class='ocrx_word' id='word_1_115' title='bbox 1538 1624 1603 1680; x_wconf 89' lang='lat' dir='ltr'><strong>de</strong></span> <span class='ocrx_word' id='word_1_116' title='bbox 1628 1624 1839 1681; x_wconf 85' lang='lat' dir='ltr'><strong>Joanne</strong></span> <span class='ocrx_word' id='word_1_117' title='bbox 1859 1664 1874 1689; x_wconf 91' lang='lat'><strong>,</strong></span> <span class='ocrx_word' id='word_1_118' title='bbox 1902 1626 1995 1679; x_wconf 89' lang='lat' dir='ltr'><strong>scd</strong></span> 
     </span>
    </p>
   </div>
   <div class='ocr_carea' id='block_1_17' title="bbox 416 1703 1995 1785">
    <p class='ocr_par' dir='ltr' id='par_1_17' title="bbox 416 1703 1995 1785">
     <span class='ocr_line' id='line_1_17' title="bbox 416 1703 1995 1785; baseline 0.006 -28"><span class='ocrx_word' id='word_1_119' title='bbox 416 1704 484 1758; x_wconf 90' lang='lat' dir='ltr'><strong>ad</strong></span> <span class='ocrx_word' id='word_1_120' title='bbox 510 1703 777 1760; x_wconf 82' lang='lat' dir='ltr'><strong>Joannem</strong></span> <span class='ocrx_word' id='word_1_121' title='bbox 811 1707 988 1777; x_wconf 88' lang='lat' dir='ltr'><strong>ipsum</strong></span> <span class='ocrx_word' id='word_1_122' title='bbox 1019 1710 1168 1765; x_wconf 83' lang='lat' dir='ltr'><strong>dicat</strong></span> <span class='ocrx_word' id='word_1_123' title='bbox 1205 1710 1305 1782; x_wconf 80' lang='grc' dir='ltr'><strong>[αι.</strong></span> <span class='ocrx_word' id='word_1_124' title='bbox 1334 1712 1547 1785; x_wconf 87' lang='lat' dir='ltr'><strong>dicens]</strong></span> <span class='ocrx_word' id='word_1_125' title='bbox 1582 1732 1596 1767; x_wconf 88' lang='lat'><strong>:</strong></span> <span class='ocrx_word' id='word_1_126' title='bbox 1636 1714 1700 1768; x_wconf 81' lang='lat' dir='ltr'><strong>Et</strong></span> <span class='ocrx_word' id='word_1_127' title='bbox 1738 1724 1815 1780; x_wconf 90' lang='lat' dir='ltr'><strong>tu,</strong></span> <span class='ocrx_word' id='word_1_128' title='bbox 1846 1731 1995 1784; x_wconf 85' lang='lat' dir='ltr'><strong>puer,</strong></span> 
     </span>
    </p>
   </div>
   <div class='ocr_carea' id='block_1_18' title="bbox 415 1794 1996 1875">
    <p class='ocr_par' dir='ltr' id='par_1_18' title="bbox 415 1794 1996 1875">
     <span class='ocr_line' id='line_1_18' title="bbox 415 1794 1996 1875; baseline 0.009 -31"><span class='ocrx_word' id='word_1_129' title='bbox 415 1794 669 1862; x_wconf 77' lang='lat' dir='ltr'><strong>propheta</strong></span> <span class='ocrx_word' id='word_1_130' title='bbox 710 1796 974 1850; x_wconf 83' lang='lat' dir='ltr'><strong>Altissimi</strong></span> <span class='ocrx_word' id='word_1_131' title='bbox 1003 1800 1295 1864; x_wconf 73' lang='lat' dir='ltr'><strong>vocaberis,</strong></span> <span class='ocrx_word' id='word_1_132' title='bbox 1326 1809 1380 1856; x_wconf 86' lang='lat' dir='ltr'><strong>et</strong></span> <span class='ocrx_word' id='word_1_133' title='bbox 1408 1803 1637 1871; x_wconf 82' lang='lat' dir='ltr'><strong>reliqua,</strong></span> <span class='ocrx_word' id='word_1_134' title='bbox 1670 1804 1783 1875; x_wconf 82' lang='lat'><strong>(50)</strong></span> <span class='ocrx_word' id='word_1_135' title='bbox 1808 1820 1996 1874; x_wconf 87' lang='lat' dir='ltr'><strong>supcr-</strong></span> 
     </span>
    </p>
   </div>
   <div class='ocr_carea' id='block_1_19' title="bbox 2103 612 3710 686">
    <p class='ocr_par' dir='ltr' id='par_1_19' title="bbox 2103 612 3710 686">
     <span class='ocr_line' id='line_1_19' title="bbox 2103 612 3710 686; baseline 0.005 -18"><span class='ocrx_word' id='word_1_136' title='bbox 2103 614 2373 686; x_wconf 74' lang='lat' dir='ltr'><strong>JEgypto,</strong></span> <span class='ocrx_word' id='word_1_137' title='bbox 2420 624 2475 670; x_wconf 89' lang='lat' dir='ltr'><strong>et</strong></span> <span class='ocrx_word' id='word_1_138' title='bbox 2525 630 2622 685; x_wconf 90' lang='lat' dir='ltr'><strong>per</strong></span> <span class='ocrx_word' id='word_1_139' title='bbox 2667 616 2806 672; x_wconf 90' lang='lat' dir='ltr'><strong>alios</strong></span> <span class='ocrx_word' id='word_1_140' title='bbox 2854 631 3032 671; x_wconf 90' lang='lat' dir='ltr'><strong>annos</strong></span> <span class='ocrx_word' id='word_1_141' title='bbox 3083 631 3276 685; x_wconf 78' lang='lat' dir='ltr'><strong>pecora</strong></span> <span class='ocrx_word' id='word_1_142' title='bbox 3338 620 3632 674; x_wconf 81' lang='lat' dir='ltr'><strong>custodirit</strong></span> <span class='ocrx_word' id='word_1_143' title='bbox 3670 612 3710 676; x_wconf 61' lang='grc' dir='ltr'><strong>τ’</strong></span> 
     </span>
    </p>
   </div>
   <div class='ocr_carea' id='block_1_20' title="bbox 2106 704 3690 773">
    <p class='ocr_par' dir='ltr' id='par_1_20' title="bbox 2106 704 3690 773">
     <span class='ocr_line' id='line_1_20' title="bbox 2106 704 3690 773; baseline 0.006 -14"><span class='ocrx_word' id='word_1_144' title='bbox 2106 704 2347 761; x_wconf 80' lang='lat' dir='ltr'><strong>Joannes</strong></span> <span class='ocrx_word' id='word_1_145' title='bbox 2370 722 2496 762; x_wconf 82' lang='lat' dir='ltr'><strong>vero</strong></span> <span class='ocrx_word' id='word_1_146' title='bbox 2516 708 2697 762; x_wconf 83' lang='lat' dir='ltr'><strong>statim</strong></span> <span class='ocrx_word' id='word_1_147' title='bbox 2718 717 2777 762; x_wconf 92' lang='lat' dir='ltr'><strong>ut</strong></span> <span class='ocrx_word' id='word_1_148' title='bbox 2802 716 2964 763; x_wconf 90' lang='lat' dir='ltr'><strong>natus</strong></span> <span class='ocrx_word' id='word_1_149' title='bbox 2987 716 3092 773; x_wconf 91' lang='lat' dir='ltr'><strong>est,</strong></span> <span class='ocrx_word' id='word_1_150' title='bbox 3113 708 3328 764; x_wconf 88' lang='lat' dir='ltr'><strong>transiit</strong></span> <span class='ocrx_word' id='word_1_151' title='bbox 3361 710 3426 763; x_wconf 88' lang='lat' dir='ltr'><strong>ad</strong></span> <span class='ocrx_word' id='word_1_152' title='bbox 3449 710 3690 769; x_wconf 78' lang='lat' dir='ltr'><strong>deserta.</strong></span> 
     </span>
    </p>
   </div>
   <div class='ocr_carea' id='block_1_21' title="bbox 2106 797 3689 869">
    <p class='ocr_par' dir='ltr' id='par_1_21' title="bbox 2106 797 3689 869">
     <span class='ocr_line' id='line_1_21' title="bbox 2106 797 3689 869; baseline 0.004 -19"><span class='ocrx_word' id='word_1_153' title='bbox 2106 806 2162 851; x_wconf 93' lang='lat' dir='ltr'><strong>et</strong></span> <span class='ocrx_word' id='word_1_154' title='bbox 2189 797 2282 866; x_wconf 90' lang='lat' dir='ltr'><strong>qui</strong></span> <span class='ocrx_word' id='word_1_155' title='bbox 2314 797 2487 867; x_wconf 83' lang='lat' dir='ltr'><strong>major</strong></span> <span class='ocrx_word' id='word_1_156' title='bbox 2513 798 2615 853; x_wconf 86' lang='lat' dir='ltr'><strong>luit</strong></span> <span class='ocrx_word' id='word_1_157' title='bbox 2639 798 2780 854; x_wconf 89' lang='lat' dir='ltr'><strong>inter</strong></span> <span class='ocrx_word' id='word_1_158' title='bbox 2814 809 2975 853; x_wconf 90' lang='lat' dir='ltr'><strong>natos</strong></span> <span class='ocrx_word' id='word_1_159' title='bbox 3010 799 3326 862; x_wconf 87' lang='lat' dir='ltr'><strong>mulierum,</strong></span> <span class='ocrx_word' id='word_1_160' title='bbox 3362 799 3554 869; x_wconf 70' lang='lat' dir='ltr'><strong>majoﬂ</strong></span> <span class='ocrx_word' id='word_1_161' title='bbox 3586 817 3689 856; x_wconf 85' lang='lat' dir='ltr'><strong>nu-</strong></span> 
     </span>
    </p>
   </div>
   <div class='ocr_carea' id='block_1_22' title="bbox 2102 887 3687 959">
    <p class='ocr_par' dir='ltr' id='par_1_22' title="bbox 2102 887 3687 959">
     <span class='ocr_line' id='line_1_22' title="bbox 2102 887 3687 959; baseline 0.001 -17"><span class='ocrx_word' id='word_1_162' title='bbox 2102 889 2363 942; x_wconf 91' lang='lat' dir='ltr'><strong>trimento</strong></span> <span class='ocrx_word' id='word_1_163' title='bbox 2410 889 2608 957; x_wconf 81' lang='lat' dir='ltr'><strong>dignus</strong></span> <span class='ocrx_word' id='word_1_164' title='bbox 2662 889 2935 958; x_wconf 76' lang='lat' dir='ltr'><strong>apparuit.</strong></span> <span class='ocrx_word' id='word_1_165' title='bbox 2976 888 3051 943; x_wconf 89' lang='lat' dir='ltr'><strong>De</strong></span> <span class='ocrx_word' id='word_1_166' title='bbox 3079 902 3190 959; x_wconf 93' lang='lat' dir='ltr'><strong>quo</strong></span> <span class='ocrx_word' id='word_1_167' title='bbox 3233 887 3498 959; x_wconf 83' lang='lat' dir='ltr'><strong>propheta</strong></span> <span class='ocrx_word' id='word_1_168' title='bbox 3524 888 3569 920; x_wconf 88' lang='lat'><strong>&quot;’</strong></span> <span class='ocrx_word' id='word_1_169' title='bbox 3602 889 3687 945; x_wconf 87' lang='lat' dir='ltr'><strong>lo-</strong></span> 
     </span>
    </p>
   </div>
   <div class='ocr_carea' id='block_1_23' title="bbox 2100 980 3684 1050">
    <p class='ocr_par' dir='ltr' id='par_1_23' title="bbox 2100 980 3684 1050">
     <span class='ocr_line' id='line_1_23' title="bbox 2100 980 3684 1050; baseline 0.001 -15"><span class='ocrx_word' id='word_1_170' title='bbox 2100 981 2321 1050; x_wconf 87' lang='lat' dir='ltr'><strong>quitur:</strong></span> <span class='ocrx_word' id='word_1_171' title='bbox 2348 980 2483 1035; x_wconf 86' lang='lat' dir='ltr'><strong>Ecce</strong></span> <span class='ocrx_word' id='word_1_172' title='bbox 2509 981 2660 1034; x_wconf 83' lang='lat' dir='ltr'><strong>mitto</strong></span> <span class='ocrx_word' id='word_1_173' title='bbox 2680 980 2924 1050; x_wconf 80' lang='lat' dir='ltr'><strong>angelum</strong></span> <span class='ocrx_word' id='word_1_174' title='bbox 2950 997 3123 1035; x_wconf 89' lang='lat' dir='ltr'><strong>meum</strong></span> <span class='ocrx_word' id='word_1_175' title='bbox 3147 992 3271 1035; x_wconf 85' lang='lat' dir='ltr'><strong>ante</strong></span> <span class='ocrx_word' id='word_1_176' title='bbox 3297 982 3487 1050; x_wconf 83' lang='lat' dir='ltr'><strong>facient</strong></span> <span class='ocrx_word' id='word_1_177' title='bbox 3515 992 3684 1037; x_wconf 84' lang='lat' dir='ltr'><strong>tuam.</strong></span> 
     </span>
    </p>
   </div>
   <div class='ocr_carea' id='block_1_24' title="bbox 2102 1070 3687 1143">
    <p class='ocr_par' dir='ltr' id='par_1_24' title="bbox 2102 1070 3687 1143">
     <span class='ocr_line' id='line_1_24' title="bbox 2102 1070 3687 1143; baseline 0.001 -17"><span class='ocrx_word' id='word_1_178' title='bbox 2102 1070 2267 1129; x_wconf 85' lang='lat' dir='ltr'><strong>Recte</strong></span> <span class='ocrx_word' id='word_1_179' title='bbox 2296 1073 2523 1143; x_wconf 79' lang='lat' dir='ltr'><strong>angelus</strong></span> <span class='ocrx_word' id='word_1_180' title='bbox 2546 1071 2886 1140; x_wconf 81' lang='lat' dir='ltr'><strong>diciturqui</strong></span> <span class='ocrx_word' id='word_1_181' title='bbox 2922 1072 3124 1128; x_wconf 82' lang='lat' dir='ltr'><strong>missus</strong></span> <span class='ocrx_word' id='word_1_182' title='bbox 3148 1070 3323 1128; x_wconf 82' lang='lat' dir='ltr'><strong>fuerat</strong></span> <span class='ocrx_word' id='word_1_183' title='bbox 3356 1089 3541 1128; x_wconf 88' lang='lat' dir='ltr'><strong>coram</strong></span> <span class='ocrx_word' id='word_1_184' title='bbox 3577 1072 3687 1128; x_wconf 90' lang='lat' dir='ltr'><strong>Do-</strong></span> 
     </span>
    </p>
   </div>
   <div class='ocr_carea' id='block_1_25' title="bbox 2101 1164 3686 1233">
    <p class='ocr_par' dir='ltr' id='par_1_25' title="bbox 2101 1164 3686 1233">
     <span class='ocr_line' id='line_1_25' title="bbox 2101 1164 3686 1233; baseline 0.001 -15"><span class='ocrx_word' id='word_1_185' title='bbox 2101 1164 2277 1227; x_wconf 88' lang='lat' dir='ltr'><strong>mino,</strong></span> <span class='ocrx_word' id='word_1_186' title='bbox 2303 1173 2355 1219; x_wconf 89' lang='lat' dir='ltr'><strong>et</strong></span> <span class='ocrx_word' id='word_1_187' title='bbox 2387 1164 2802 1233; x_wconf 85' lang='lat' dir='ltr'><strong>prophetantcm</strong></span> <span class='ocrx_word' id='word_1_188' title='bbox 2838 1170 3047 1232; x_wconf 86' lang='lat' dir='ltr'><strong>patrem</strong></span> <span class='ocrx_word' id='word_1_189' title='bbox 3083 1164 3267 1218; x_wconf 83' lang='lat' dir='ltr'><strong>statim</strong></span> <span class='ocrx_word' id='word_1_190' title='bbox 3301 1173 3361 1218; x_wconf 92' lang='lat' dir='ltr'><strong>ut</strong></span> <span class='ocrx_word' id='word_1_191' title='bbox 3391 1172 3552 1220; x_wconf 87' lang='lat' dir='ltr'><strong>natus</strong></span> <span class='ocrx_word' id='word_1_192' title='bbox 3581 1173 3686 1233; x_wconf 87' lang='lat' dir='ltr'><strong>est,</strong></span> 
     </span>
    </p>
   </div>
   <div class='ocr_carea' id='block_1_26' title="bbox 2100 1252 3686 1326">
    <p class='ocr_par' dir='ltr' id='par_1_26' title="bbox 2100 1252 3686 1326">
     <span class='ocr_line' id='line_1_26' title="bbox 2100 1252 3686 1326; baseline 0.003 -18"><span class='ocrx_word' id='word_1_193' title='bbox 2100 1255 2292 1309; x_wconf 86' lang='lat' dir='ltr'><strong>audire</strong></span> <span class='ocrx_word' id='word_1_194' title='bbox 2354 1254 2534 1324; x_wconf 82' lang='lat' dir='ltr'><strong>potuit</strong></span> <span class='ocrx_word' id='word_1_195' title='bbox 2575 1262 2628 1308; x_wconf 89' lang='lat' dir='ltr'><strong>et</strong></span> <span class='ocrx_word' id='word_1_196' title='bbox 2673 1253 2991 1322; x_wconf 82' lang='lat' dir='ltr'><strong>intelligere.</strong></span> <span class='ocrx_word' id='word_1_197' title='bbox 3050 1252 3415 1320; x_wconf 84' lang='lat' dir='ltr'><strong>Quamobrem</strong></span> <span class='ocrx_word' id='word_1_198' title='bbox 3461 1270 3564 1311; x_wconf 86' lang='lat' dir='ltr'><strong>nos</strong></span> <span class='ocrx_word' id='word_1_199' title='bbox 3592 1257 3686 1326; x_wconf 86' lang='lat' dir='ltr'><strong>qui</strong></span> 
     </span>
    </p>
   </div>
   <div class='ocr_carea' id='block_1_27' title="bbox 2102 1344 3693 1415">
    <p class='ocr_par' dir='ltr' id='par_1_27' title="bbox 2102 1344 3693 1415">
     <span class='ocr_line' id='line_1_27' title="bbox 2102 1344 3693 1415; baseline 0.001 -14"><span class='ocrx_word' id='word_1_200' title='bbox 2102 1345 2269 1401; x_wconf 85' lang='lat' dir='ltr'><strong>tantis</strong></span> <span class='ocrx_word' id='word_1_201' title='bbox 2302 1344 2648 1399; x_wconf 81' lang='lat' dir='ltr'><strong>mirabilibus</strong></span> <span class='ocrx_word' id='word_1_202' title='bbox 2690 1344 3000 1411; x_wconf 81' lang='lat' dir='ltr'><strong>credimus,</strong></span> <span class='ocrx_word' id='word_1_203' title='bbox 3036 1346 3328 1399; x_wconf 80' lang='lat' dir='ltr'><strong>credamus</strong></span> <span class='ocrx_word' id='word_1_204' title='bbox 3370 1346 3573 1415; x_wconf 89' lang='lat' dir='ltr'><strong>pariter</strong></span> <span class='ocrx_word' id='word_1_205' title='bbox 3602 1362 3693 1402; x_wconf 82' lang='lat' dir='ltr'><strong>re-</strong></span> 
     </span>
    </p>
   </div>
   <div class='ocr_carea' id='block_1_28' title="bbox 2098 1435 3690 1505">
    <p class='ocr_par' dir='ltr' id='par_1_28' title="bbox 2098 1435 3690 1505">
     <span class='ocr_line' id='line_1_28' title="bbox 2098 1435 3690 1505; baseline 0.001 -13"><span class='ocrx_word' id='word_1_206' title='bbox 2098 1436 2449 1500; x_wconf 84' lang='lat' dir='ltr'><strong>surrectioni,</strong></span> <span class='ocrx_word' id='word_1_207' title='bbox 2468 1436 2761 1490; x_wconf 67' lang='lat' dir='ltr'><strong>credan&#39;ms</strong></span> <span class='ocrx_word' id='word_1_208' title='bbox 2791 1444 2840 1489; x_wconf 89' lang='lat' dir='ltr'><strong>et</strong></span> <span class='ocrx_word' id='word_1_209' title='bbox 2871 1435 3393 1504; x_wconf 81' lang='lat' dir='ltr'><strong>rcpromissionihus</strong></span> <span class='ocrx_word' id='word_1_210' title='bbox 3418 1453 3540 1505; x_wconf 67' lang='lat' dir='ltr'><strong>quae</strong></span> <span class='ocrx_word' id='word_1_211' title='bbox 3563 1453 3690 1493; x_wconf 83' lang='lat' dir='ltr'><strong>ven-</strong></span> 
     </span>
    </p>
   </div>
   <div class='ocr_carea' id='block_1_29' title="bbox 2099 1526 3687 1597">
    <p class='ocr_par' dir='ltr' id='par_1_29' title="bbox 2099 1526 3687 1597">
     <span class='ocr_line' id='line_1_29' title="bbox 2099 1526 3687 1597; baseline 0.001 -15"><span class='ocrx_word' id='word_1_212' title='bbox 2099 1537 2235 1582; x_wconf 77' lang='lat' dir='ltr'><strong>turte</strong></span> <span class='ocrx_word' id='word_1_213' title='bbox 2264 1536 2411 1588; x_wconf 85' lang='lat' dir='ltr'><strong>sunt,</strong></span> <span class='ocrx_word' id='word_1_214' title='bbox 2447 1540 2727 1596; x_wconf 79' lang='lat' dir='ltr'><strong>regnoque</strong></span> <span class='ocrx_word' id='word_1_215' title='bbox 2758 1526 3025 1580; x_wconf 63' lang='lat' dir='ltr'><strong>caelorum</strong></span> <span class='ocrx_word' id='word_1_216' title='bbox 3071 1526 3216 1595; x_wconf 91' lang='lat' dir='ltr'><strong>quod</strong></span> <span class='ocrx_word' id='word_1_217' title='bbox 3258 1527 3420 1581; x_wconf 87' lang='lat' dir='ltr'><strong>nobis</strong></span> <span class='ocrx_word' id='word_1_218' title='bbox 3443 1529 3687 1597; x_wconf 83' lang='lat' dir='ltr'><strong>quotidie</strong></span> 
     </span>
    </p>
   </div>
   <div class='ocr_carea' id='block_1_30' title="bbox 2101 1618 3686 1690">
    <p class='ocr_par' dir='ltr' id='par_1_30' title="bbox 2101 1618 3686 1690">
     <span class='ocr_line' id='line_1_30' title="bbox 2101 1618 3686 1690; baseline -0.001 -14"><span class='ocrx_word' id='word_1_219' title='bbox 2101 1620 2341 1690; x_wconf 84' lang='lat' dir='ltr'><strong>Spiritus</strong></span> <span class='ocrx_word' id='word_1_220' title='bbox 2367 1620 2674 1690; x_wconf 87' lang='lat' dir='ltr'><strong>pollicetur.</strong></span> <span class='ocrx_word' id='word_1_221' title='bbox 2714 1619 2847 1686; x_wconf 79' lang='lat' dir='ltr'><strong>Qua:</strong></span> <span class='ocrx_word' id='word_1_222' title='bbox 2877 1618 3059 1673; x_wconf 85' lang='lat' dir='ltr'><strong>omnia</strong></span> <span class='ocrx_word' id='word_1_223' title='bbox 3098 1628 3157 1673; x_wconf 93' lang='lat' dir='ltr'><strong>ut</strong></span> <span class='ocrx_word' id='word_1_224' title='bbox 3178 1619 3377 1688; x_wconf 89' lang='lat' dir='ltr'><strong>scripta</strong></span> <span class='ocrx_word' id='word_1_225' title='bbox 3410 1628 3559 1684; x_wconf 92' lang='lat' dir='ltr'><strong>sunt,</strong></span> <span class='ocrx_word' id='word_1_226' title='bbox 3578 1620 3686 1674; x_wconf 86' lang='lat' dir='ltr'><strong>mi-</strong></span> 
     </span>
    </p>
   </div>
   <div class='ocr_carea' id='block_1_31' title="bbox 2098 1710 3685 1781">
    <p class='ocr_par' dir='ltr' id='par_1_31' title="bbox 2098 1710 3685 1781">
     <span class='ocr_line' id='line_1_31' title="bbox 2098 1710 3685 1781; baseline -0.001 -14"><span class='ocrx_word' id='word_1_227' title='bbox 2098 1712 2345 1767; x_wconf 84' lang='lat' dir='ltr'><strong>rabiliter</strong></span> <span class='ocrx_word' id='word_1_228' title='bbox 2391 1712 2678 1781; x_wconf 85' lang='lat' dir='ltr'><strong>plusquam</strong></span> <span class='ocrx_word' id='word_1_229' title='bbox 2731 1712 2933 1767; x_wconf 88' lang='lat' dir='ltr'><strong>sentire</strong></span> <span class='ocrx_word' id='word_1_230' title='bbox 2987 1724 3311 1780; x_wconf 88' lang='lat' dir='ltr'><strong>possumus,</strong></span> <span class='ocrx_word' id='word_1_231' title='bbox 3345 1710 3685 1780; x_wconf 84' lang='lat' dir='ltr'><strong>accipiamus</strong></span> 
     </span>
    </p>
   </div>
   <div class='ocr_carea' id='block_1_32' title="bbox 2100 1798 3686 1870">
    <p class='ocr_par' dir='ltr' id='par_1_32' title="bbox 2100 1798 3686 1870">
     <span class='ocr_line' id='line_1_32' title="bbox 2100 1798 3686 1870; baseline 0 -14"><span class='ocrx_word' id='word_1_232' title='bbox 2100 1802 2156 1856; x_wconf 90' lang='lat' dir='ltr'><strong>in</strong></span> <span class='ocrx_word' id='word_1_233' title='bbox 2192 1801 2415 1855; x_wconf 76' lang='lat' dir='ltr'><strong>Christo</strong></span> <span class='ocrx_word' id='word_1_234' title='bbox 2441 1799 2593 1866; x_wconf 88' lang='lat' dir='ltr'><strong>Jesu,</strong></span> <span class='ocrx_word' id='word_1_235' title='bbox 2647 1801 2733 1856; x_wconf 90' lang='lat' dir='ltr'><strong>cui</strong></span> <span class='ocrx_word' id='word_1_236' title='bbox 2770 1809 2853 1855; x_wconf 88' lang='lat' dir='ltr'><strong>est</strong></span> <span class='ocrx_word' id='word_1_237' title='bbox 2887 1799 3059 1870; x_wconf 77' lang='lat' dir='ltr'><strong>gloria</strong></span> <span class='ocrx_word' id='word_1_238' title='bbox 3093 1807 3148 1855; x_wconf 85' lang='lat' dir='ltr'><strong>et</strong></span> <span class='ocrx_word' id='word_1_239' title='bbox 3172 1798 3464 1869; x_wconf 85' lang='lat' dir='ltr'><strong>imperium</strong></span> <span class='ocrx_word' id='word_1_240' title='bbox 3494 1800 3548 1855; x_wconf 88' lang='lat' dir='ltr'><strong>in</strong></span> <span class='ocrx_word' id='word_1_241' title='bbox 3582 1814 3686 1856; x_wconf 69' lang='lat' dir='ltr'><strong>sa:-</strong></span> 
     </span>
    </p>
   </div>
   <div class='ocr_carea' id='block_1_33' title="bbox 416 1874 2839 1968">
    <p class='ocr_par' dir='ltr' id='par_1_33' title="bbox 416 1874 2839 1968">
     <span class='ocr_line' id='line_1_33' title="bbox 416 1874 2839 1968; baseline 0.005 -29"><span class='ocrx_word' id='word_1_242' title='bbox 416 1884 585 1940; x_wconf 89' lang='lat' dir='ltr'><strong>lluum</strong></span> <span class='ocrx_word' id='word_1_243' title='bbox 615 1888 761 1942; x_wconf 88' lang='lat' dir='ltr'><strong>enim</strong></span> <span class='ocrx_word' id='word_1_244' title='bbox 796 1888 899 1943; x_wconf 79' lang='lat' dir='ltr'><strong>fuit</strong></span> <span class='ocrx_word' id='word_1_245' title='bbox 919 1889 987 1944; x_wconf 89' lang='lat' dir='ltr'><strong>ad</strong></span> <span class='ocrx_word' id='word_1_246' title='bbox 1017 1905 1125 1945; x_wconf 91' lang='lat' dir='ltr'><strong>non</strong></span> <span class='ocrx_word' id='word_1_247' title='bbox 1156 1893 1468 1950; x_wconf 87' lang='lat' dir='ltr'><strong>audientem</strong></span> <span class='ocrx_word' id='word_1_248' title='bbox 1499 1897 1671 1967; x_wconf 85' lang='lat' dir='ltr'><strong>loqui,</strong></span> <span class='ocrx_word' id='word_1_249' title='bbox 1697 1874 1846 1952; x_wconf 88' lang='lat' dir='ltr'><strong>etad</strong></span> <span class='ocrx_word' id='word_1_250' title='bbox 1876 1913 1998 1968; x_wconf 80' lang='lat' dir='ltr'><strong>par-</strong></span> <span class='ocrx_word' id='word_1_251' title='bbox 2032 1874 2069 1928; x_wconf 70' lang='grc' dir='ltr'><strong><em>Β</em></strong></span> <span class='ocrx_word' id='word_1_252' title='bbox 2100 1892 2223 1946; x_wconf 74' lang='lat' dir='ltr'><strong>cuia</strong></span> <span class='ocrx_word' id='word_1_253' title='bbox 2256 1891 2603 1947; x_wconf 58' lang='lat' dir='ltr'><strong>saeculorum.</strong></span> <span class='ocrx_word' id='word_1_254' title='bbox 2644 1893 2839 1946; x_wconf 71' lang='lat' dir='ltr'><strong>Amen.</strong></span> 
     </span>
    </p>
   </div>
   <div class='ocr_carea' id='block_1_34' title="bbox 416 1979 1998 2056">
    <p class='ocr_par' dir='ltr' id='par_1_34' title="bbox 416 1979 1998 2056">
     <span class='ocr_line' id='line_1_34' title="bbox 416 1979 1998 2056; baseline 0.01 -27"><span class='ocrx_word' id='word_1_255' title='bbox 416 1979 603 2033; x_wconf 69' lang='lat' dir='ltr'><strong>sulum</strong></span> <span class='ocrx_word' id='word_1_256' title='bbox 635 1989 799 2050; x_wconf 88' lang='lat' dir='ltr'><strong>atque</strong></span> <span class='ocrx_word' id='word_1_257' title='bbox 830 1982 1117 2036; x_wconf 76' lang='lat' dir='ltr'><strong>laetantem</strong></span> <span class='ocrx_word' id='word_1_258' title='bbox 1161 1987 1551 2056; x_wconf 87' lang='lat' dir='ltr'><strong>apostropham</strong></span> <span class='ocrx_word' id='word_1_259' title='bbox 1599 1987 1776 2043; x_wconf 81' lang='lat' dir='ltr'><strong>faccre</strong></span> <span class='ocrx_word' id='word_1_260' title='bbox 1815 2007 1828 2044; x_wconf 90' lang='lat'><strong>:</strong></span> <span class='ocrx_word' id='word_1_261' title='bbox 1859 1988 1998 2045; x_wconf 85' lang='lat' dir='ltr'><strong>hanc</strong></span> 
     </span>
    </p>
   </div>
   <div class='ocr_carea' id='block_1_35' title="bbox 412 2071 1999 2145">
    <p class='ocr_par' dir='ltr' id='par_1_35' title="bbox 412 2071 1999 2145">
     <span class='ocr_line' id='line_1_35' title="bbox 412 2071 1999 2145; baseline 0.008 -24"><span class='ocrx_word' id='word_1_262' title='bbox 412 2078 549 2136; x_wconf 85' lang='lat' dir='ltr'><strong>puto</strong></span> <span class='ocrx_word' id='word_1_263' title='bbox 579 2085 741 2139; x_wconf 86' lang='lat' dir='ltr'><strong>posse</strong></span> <span class='ocrx_word' id='word_1_264' title='bbox 768 2085 854 2125; x_wconf 89' lang='lat' dir='ltr'><strong>me</strong></span> <span class='ocrx_word' id='word_1_265' title='bbox 886 2071 1145 2141; x_wconf 89' lang='lat' dir='ltr'><strong>reperire,</strong></span> <span class='ocrx_word' id='word_1_266' title='bbox 1193 2075 1337 2143; x_wconf 89' lang='lat' dir='ltr'><strong>quod</strong></span> <span class='ocrx_word' id='word_1_267' title='bbox 1369 2077 1649 2145; x_wconf 88' lang='lat' dir='ltr'><strong>quomodo</strong></span> <span class='ocrx_word' id='word_1_268' title='bbox 1674 2078 1999 2134; x_wconf 77' lang='lat' dir='ltr'><strong>mirabiliter</strong></span> 
     </span>
    </p>
   </div>
   <div class='ocr_carea' id='block_1_36' title="bbox 414 2157 1995 2237">
    <p class='ocr_par' dir='ltr' id='par_1_36' title="bbox 414 2157 1995 2237">
     <span class='ocr_line' id='line_1_36' title="bbox 414 2157 1995 2237; baseline 0.008 -25"><span class='ocrx_word' id='word_1_269' title='bbox 414 2157 654 2215; x_wconf 62' lang='lat' dir='ltr'><strong>Joannes</strong></span> <span class='ocrx_word' id='word_1_270' title='bbox 689 2172 848 2216; x_wconf 87' lang='lat' dir='ltr'><strong>natus</strong></span> <span class='ocrx_word' id='word_1_271' title='bbox 877 2174 995 2230; x_wconf 89' lang='lat' dir='ltr'><strong>est,</strong></span> <span class='ocrx_word' id='word_1_272' title='bbox 1042 2173 1097 2219; x_wconf 88' lang='lat' dir='ltr'><strong>et</strong></span> <span class='ocrx_word' id='word_1_273' title='bbox 1137 2166 1329 2235; x_wconf 82' lang='lat' dir='ltr'><strong>angelo</strong></span> <span class='ocrx_word' id='word_1_274' title='bbox 1370 2168 1733 2237; x_wconf 70' lang='lat' dir='ltr'><strong>prmdicante,</strong></span> <span class='ocrx_word' id='word_1_275' title='bbox 1760 2171 1910 2224; x_wconf 83' lang='lat' dir='ltr'><strong>venit</strong></span> <span class='ocrx_word' id='word_1_276' title='bbox 1943 2171 1995 2225; x_wconf 89' lang='lat' dir='ltr'><strong>in</strong></span> 
     </span>
    </p>
   </div>
   <div class='ocr_carea' id='block_1_37' title="bbox 415 2252 1995 2329">
    <p class='ocr_par' dir='ltr' id='par_1_37' title="bbox 415 2252 1995 2329">
     <span class='ocr_line' id='line_1_37' title="bbox 415 2252 1995 2329; baseline 0.009 -27"><span class='ocrx_word' id='word_1_277' title='bbox 415 2252 704 2318; x_wconf 85' lang='lat' dir='ltr'><strong>mundum,</strong></span> <span class='ocrx_word' id='word_1_278' title='bbox 737 2262 789 2306; x_wconf 90' lang='lat' dir='ltr'><strong>et</strong></span> <span class='ocrx_word' id='word_1_279' title='bbox 819 2253 990 2309; x_wconf 87' lang='lat' dir='ltr'><strong>trilms</strong></span> <span class='ocrx_word' id='word_1_280' title='bbox 1018 2258 1300 2313; x_wconf 90' lang='lat' dir='ltr'><strong>mensibus</strong></span> <span class='ocrx_word' id='word_1_281' title='bbox 1338 2258 1509 2313; x_wconf 85' lang='lat' dir='ltr'><strong>Maria</strong></span> <span class='ocrx_word' id='word_1_282' title='bbox 1536 2260 1693 2329; x_wconf 78' lang='lat' dir='ltr'><strong>juxta</strong></span> <span class='ocrx_word' id='word_1_283' title='bbox 1722 2260 1995 2317; x_wconf 82' lang='lat' dir='ltr'><strong>Elisabctb</strong></span> 
     </span>
    </p>
   </div>
   <div class='ocr_carea' id='block_1_38' title="bbox 408 2344 1995 2415">
    <p class='ocr_par' dir='ltr' id='par_1_38' title="bbox 408 2344 1995 2415">
     <span class='ocr_line' id='line_1_38' title="bbox 408 2344 1995 2415; baseline 0.011 -23"><span class='ocrx_word' id='word_1_284' title='bbox 408 2354 810 2410; x_wconf 76' lang='lat' dir='ltr'><strong>commorautc,</strong></span> <span class='ocrx_word' id='word_1_285' title='bbox 841 2344 995 2400; x_wconf 83' lang='lat' dir='ltr'><strong>fusus</strong></span> <span class='ocrx_word' id='word_1_286' title='bbox 1019 2356 1102 2400; x_wconf 91' lang='lat' dir='ltr'><strong>est</strong></span> <span class='ocrx_word' id='word_1_287' title='bbox 1136 2349 1189 2401; x_wconf 92' lang='lat' dir='ltr'><strong>in</strong></span> <span class='ocrx_word' id='word_1_288' title='bbox 1228 2358 1425 2404; x_wconf 85' lang='lat' dir='ltr'><strong>terram</strong></span> <span class='ocrx_word' id='word_1_289' title='bbox 1448 2391 1464 2415; x_wconf 91' lang='lat'><strong>,</strong></span> <span class='ocrx_word' id='word_1_290' title='bbox 1493 2354 1575 2407; x_wconf 86' lang='lat' dir='ltr'><strong>s&#39;e</strong></span> <span class='ocrx_word' id='word_1_291' title='bbox 1605 2354 1767 2407; x_wconf 85' lang='lat' dir='ltr'><strong>etiam</strong></span> <span class='ocrx_word' id='word_1_292' title='bbox 1799 2367 1995 2410; x_wconf 87' lang='lat' dir='ltr'><strong>cuncta</strong></span> 
     </span>
    </p>
   </div>
   <div class='ocr_carea' id='block_1_39' title="bbox 412 2436 1998 2506">
    <p class='ocr_par' dir='ltr' id='par_1_39' title="bbox 412 2436 1998 2506">
     <span class='ocr_line' id='line_1_39' title="bbox 412 2436 1998 2506; baseline 0.011 -24"><span class='ocrx_word' id='word_1_293' title='bbox 412 2446 536 2499; x_wconf 68' lang='lat' dir='ltr'><strong>qum</strong></span> <span class='ocrx_word' id='word_1_294' title='bbox 567 2448 732 2502; x_wconf 87' lang='lat' dir='ltr'><strong>super</strong></span> <span class='ocrx_word' id='word_1_295' title='bbox 773 2450 839 2489; x_wconf 93' lang='lat' dir='ltr'><strong>eo</strong></span> <span class='ocrx_word' id='word_1_296' title='bbox 886 2436 1085 2506; x_wconf 88' lang='lat' dir='ltr'><strong>scripta</strong></span> <span class='ocrx_word' id='word_1_297' title='bbox 1118 2448 1279 2502; x_wconf 90' lang='lat' dir='ltr'><strong>sunt,</strong></span> <span class='ocrx_word' id='word_1_298' title='bbox 1330 2441 1651 2497; x_wconf 85' lang='lat' dir='ltr'><strong>mirabiliter</strong></span> <span class='ocrx_word' id='word_1_299' title='bbox 1688 2442 1827 2498; x_wconf 78' lang='lat' dir='ltr'><strong>facta</strong></span> <span class='ocrx_word' id='word_1_300' title='bbox 1859 2445 1998 2500; x_wconf 79' lang='lat' dir='ltr'><strong>reie-</strong></span> 
     </span>
    </p>
   </div>
   <div class='ocr_carea' id='block_1_40' title="bbox 310 2514 1999 2595">
    <p class='ocr_par' dir='ltr' id='par_1_40' title="bbox 310 2514 1999 2595">
     <span class='ocr_line' id='line_1_40' title="bbox 310 2514 1999 2595; baseline 0.011 -22"><span class='ocrx_word' id='word_1_301' title='bbox 310 2514 314 2519; x_wconf 76' lang='grc'><em>’</em></span> <span class='ocrx_word' id='word_1_302' title='bbox 390 2531 634 2595; x_wconf 76' lang='lat' dir='ltr'><strong>runtur.</strong></span> <span class='ocrx_word' id='word_1_303' title='bbox 676 2524 830 2588; x_wconf 77' lang='lat' dir='ltr'><strong>Quod</strong></span> <span class='ocrx_word' id='word_1_304' title='bbox 858 2526 905 2581; x_wconf 87' lang='lat' dir='ltr'><strong>si</strong></span> <span class='ocrx_word' id='word_1_305' title='bbox 933 2527 1152 2582; x_wconf 85' lang='lat' dir='ltr'><strong>dubitas</strong></span> <span class='ocrx_word' id='word_1_306' title='bbox 1184 2531 1368 2584; x_wconf 67' lang='lat' dir='ltr'><strong>statim</strong></span> <span class='ocrx_word' id='word_1_307' title='bbox 1414 2532 1481 2586; x_wconf 92' lang='lat' dir='ltr'><strong>de</strong></span> <span class='ocrx_word' id='word_1_308' title='bbox 1523 2543 1674 2588; x_wconf 88' lang='lat' dir='ltr'><strong>utero</strong></span> <span class='ocrx_word' id='word_1_309' title='bbox 1701 2536 1894 2590; x_wconf 90' lang='lat' dir='ltr'><strong>matris</strong></span> <span class='ocrx_word' id='word_1_310' title='bbox 1918 2535 1999 2591; x_wconf 83' lang='lat' dir='ltr'><strong>el—</strong></span> 
     </span>
    </p>
   </div>
   <div class='ocr_carea' id='block_1_41' title="bbox 410 2610 2000 2696">
    <p class='ocr_par' dir='ltr' id='par_1_41' title="bbox 410 2610 2000 2696">
     <span class='ocr_line' id='line_1_41' title="bbox 410 2610 2000 2696; baseline 0.012 -31"><span class='ocrx_word' id='word_1_311' title='bbox 410 2610 597 2666; x_wconf 78' lang='lat' dir='ltr'><strong>l‘usum</strong></span> <span class='ocrx_word' id='word_1_312' title='bbox 644 2629 806 2683; x_wconf 89' lang='lat' dir='ltr'><strong>posse</strong></span> <span class='ocrx_word' id='word_1_313' title='bbox 846 2617 1007 2671; x_wconf 85' lang='lat' dir='ltr'><strong>verba</strong></span> <span class='ocrx_word' id='word_1_314' title='bbox 1055 2620 1225 2688; x_wconf 88' lang='lat' dir='ltr'><strong>patris</strong></span> <span class='ocrx_word' id='word_1_315' title='bbox 1259 2622 1482 2687; x_wconf 87' lang='lat' dir='ltr'><strong>audire,</strong></span> <span class='ocrx_word' id='word_1_316' title='bbox 1524 2632 1579 2678; x_wconf 91' lang='lat' dir='ltr'><strong>et</strong></span> <span class='ocrx_word' id='word_1_317' title='bbox 1604 2624 1744 2680; x_wconf 90' lang='lat' dir='ltr'><strong>scire</strong></span> <span class='ocrx_word' id='word_1_318' title='bbox 1771 2627 1901 2696; x_wconf 91' lang='lat' dir='ltr'><strong>quid</strong></span> <span class='ocrx_word' id='word_1_319' title='bbox 1928 2629 2000 2684; x_wconf 92' lang='lat' dir='ltr'><strong>sit</strong></span> 
     </span>
    </p>
   </div>
   <div class='ocr_carea' id='block_1_42' title="bbox 419 2704 1994 2785">
    <p class='ocr_par' dir='ltr' id='par_1_42' title="bbox 419 2704 1994 2785">
     <span class='ocr_line' id='line_1_42' title="bbox 419 2704 1994 2785; baseline 0.011 -30"><span class='ocrx_word' id='word_1_320' title='bbox 419 2704 522 2757; x_wconf 85' lang='lat' dir='ltr'><strong>hoc</strong></span> <span class='ocrx_word' id='word_1_321' title='bbox 558 2705 703 2773; x_wconf 85' lang='lat' dir='ltr'><strong>quod</strong></span> <span class='ocrx_word' id='word_1_322' title='bbox 731 2706 798 2759; x_wconf 84' lang='lat' dir='ltr'><strong>ad</strong></span> <span class='ocrx_word' id='word_1_323' title='bbox 832 2721 893 2761; x_wconf 86' lang='lat' dir='ltr'><strong>se</strong></span> <span class='ocrx_word' id='word_1_324' title='bbox 916 2708 1119 2764; x_wconf 87' lang='lat' dir='ltr'><strong>dicitur</strong></span> <span class='ocrx_word' id='word_1_325' title='bbox 1149 2727 1163 2764; x_wconf 88' lang='lat'><strong>:</strong></span> <span class='ocrx_word' id='word_1_326' title='bbox 1197 2709 1264 2763; x_wconf 86' lang='lat' dir='ltr'><strong>Et</strong></span> <span class='ocrx_word' id='word_1_327' title='bbox 1294 2720 1350 2765; x_wconf 89' lang='lat' dir='ltr'><strong>tu</strong></span> <span class='ocrx_word' id='word_1_328' title='bbox 1370 2751 1384 2774; x_wconf 90' lang='lat'><strong>,</strong></span> <span class='ocrx_word' id='word_1_329' title='bbox 1411 2729 1541 2782; x_wconf 86' lang='lat' dir='ltr'><strong>puer</strong></span> <span class='ocrx_word' id='word_1_330' title='bbox 1560 2752 1574 2776; x_wconf 92' lang='lat'><strong>,</strong></span> <span class='ocrx_word' id='word_1_331' title='bbox 1619 2716 1872 2785; x_wconf 79' lang='lat' dir='ltr'><strong>propheta</strong></span> <span class='ocrx_word' id='word_1_332' title='bbox 1897 2718 1994 2772; x_wconf 86' lang='grc' dir='ltr'><strong>ΛΙ-</strong></span> 
     </span>
    </p>
   </div>
   <div class='ocr_carea' id='block_1_43' title="bbox 412 2794 1999 2864">
    <p class='ocr_par' dir='ltr' id='par_1_43' title="bbox 412 2794 1999 2864">
     <span class='ocr_line' id='line_1_43' title="bbox 412 2794 1999 2864; baseline 0.011 -18"><span class='ocrx_word' id='word_1_333' title='bbox 412 2794 610 2847; x_wconf 83' lang='lat' dir='ltr'><strong>tissimi</strong></span> <span class='ocrx_word' id='word_1_334' title='bbox 634 2795 920 2864; x_wconf 79' lang='lat' dir='ltr'><strong>vocaberis,</strong></span> <span class='ocrx_word' id='word_1_335' title='bbox 966 2799 1249 2855; x_wconf 86' lang='lat' dir='ltr'><strong>considera</strong></span> <span class='ocrx_word' id='word_1_336' title='bbox 1282 2803 1453 2856; x_wconf 88' lang='lat' dir='ltr'><strong>multo</strong></span> <span class='ocrx_word' id='word_1_337' title='bbox 1489 2802 1663 2859; x_wconf 82' lang='lat' dir='ltr'><strong>fuisse</strong></span> <span class='ocrx_word' id='word_1_338' title='bbox 1694 2807 1999 2864; x_wconf 82' lang='lat' dir='ltr'><strong>mirabilius</strong></span> 
     </span>
    </p>
   </div>
   <div class='ocr_carea' id='block_1_44' title="bbox 413 2885 1997 2960">
    <p class='ocr_par' dir='ltr' id='par_1_44' title="bbox 413 2885 1997 2960">
     <span class='ocr_line' id='line_1_44' title="bbox 413 2885 1997 2960; baseline 0.009 -25"><span class='ocrx_word' id='word_1_339' title='bbox 413 2885 559 2952; x_wconf 88' lang='lat' dir='ltr'><strong>quod</strong></span> <span class='ocrx_word' id='word_1_340' title='bbox 593 2888 868 2955; x_wconf 61' lang='lat' dir='ltr'><strong>praecessit</strong></span> <span class='ocrx_word' id='word_1_341' title='bbox 916 2906 930 2941; x_wconf 89' lang='lat'>:</span> <span class='ocrx_word' id='word_1_342' title='bbox 982 2888 1118 2942; x_wconf 79' lang='lat' dir='ltr'><strong>Ecce</strong></span> <span class='ocrx_word' id='word_1_343' title='bbox 1154 2900 1211 2943; x_wconf 91' lang='lat' dir='ltr'><strong>ut</strong></span> <span class='ocrx_word' id='word_1_344' title='bbox 1248 2891 1393 2960; x_wconf 88' lang='lat' dir='ltr'><strong>facta</strong></span> <span class='ocrx_word' id='word_1_345' title='bbox 1431 2902 1508 2945; x_wconf 88' lang='lat' dir='ltr'><strong>est</strong></span> <span class='ocrx_word' id='word_1_346' title='bbox 1534 2909 1633 2946; x_wconf 74' lang='lat' dir='ltr'><strong>vox</strong></span> <span class='ocrx_word' id='word_1_347' title='bbox 1654 2893 1997 2949; x_wconf 74' lang='lat' dir='ltr'><strong>salutatiOnis</strong></span> 
     </span>
    </p>
   </div>
   <div class='ocr_carea' id='block_1_45' title="bbox 410 2976 1996 3055">
    <p class='ocr_par' dir='ltr' id='par_1_45' title="bbox 410 2976 1996 3055">
     <span class='ocr_line' id='line_1_45' title="bbox 410 2976 1996 3055; baseline 0.008 -28"><span class='ocrx_word' id='word_1_348' title='bbox 410 2983 520 3029; x_wconf 70' lang='lat' dir='ltr'><strong>tute</strong></span> <span class='ocrx_word' id='word_1_349' title='bbox 543 2976 595 3028; x_wconf 89' lang='lat' dir='ltr'><strong>in</strong></span> <span class='ocrx_word' id='word_1_350' title='bbox 619 2993 773 3031; x_wconf 87' lang='lat' dir='ltr'><strong>aures</strong></span> <span class='ocrx_word' id='word_1_351' title='bbox 797 2994 962 3043; x_wconf 84' lang='lat' dir='ltr'><strong>meas,</strong></span> <span class='ocrx_word' id='word_1_352' title='bbox 995 2981 1278 3037; x_wconf 72' lang='lat' dir='ltr'><strong>exsultavit</strong></span> <span class='ocrx_word' id='word_1_353' title='bbox 1302 2982 1469 3055; x_wconf 61' lang='lat' dir='ltr'><strong>9M</strong></span> <span class='ocrx_word' id='word_1_354' title='bbox 1506 2984 1683 3053; x_wconf 82' lang='lat' dir='ltr'><strong>infans</strong></span> <span class='ocrx_word' id='word_1_355' title='bbox 1721 2986 1775 3039; x_wconf 89' lang='lat' dir='ltr'><strong>iu</strong></span> <span class='ocrx_word' id='word_1_356' title='bbox 1800 2987 1996 3055; x_wconf 85' lang='lat' dir='ltr'><strong>gaudio</strong></span> 
     </span>
    </p>
   </div>
   <div class='ocr_carea' id='block_1_46' title="bbox 412 3067 1995 3131">
    <p class='ocr_par' dir='ltr' id='par_1_46' title="bbox 412 3067 1995 3131">
     <span class='ocr_line' id='line_1_46' title="bbox 412 3067 1995 3131; baseline 0.007 -11"><span class='ocrx_word' id='word_1_357' title='bbox 412 3067 469 3120; x_wconf 78' lang='lat' dir='ltr'><strong>in</strong></span> <span class='ocrx_word' id='word_1_358' title='bbox 490 3077 639 3121; x_wconf 82' lang='lat' dir='ltr'><strong>utero</strong></span> <span class='ocrx_word' id='word_1_359' title='bbox 664 3083 798 3122; x_wconf 90' lang='lat' dir='ltr'><strong>meo.</strong></span> <span class='ocrx_word' id='word_1_360' title='bbox 841 3068 898 3123; x_wconf 90' lang='lat' dir='ltr'><strong>Si</strong></span> <span class='ocrx_word' id='word_1_361' title='bbox 925 3071 1069 3125; x_wconf 90' lang='lat' dir='ltr'><strong>enim</strong></span> <span class='ocrx_word' id='word_1_362' title='bbox 1116 3073 1298 3129; x_wconf 87' lang='lat' dir='ltr'><strong>adhuc</strong></span> <span class='ocrx_word' id='word_1_363' title='bbox 1329 3074 1383 3128; x_wconf 93' lang='lat' dir='ltr'><strong>in</strong></span> <span class='ocrx_word' id='word_1_364' title='bbox 1412 3085 1599 3130; x_wconf 75' lang='lat' dir='ltr'><strong>ventre</strong></span> <span class='ocrx_word' id='word_1_365' title='bbox 1628 3077 1820 3130; x_wconf 83' lang='lat' dir='ltr'><strong>matris</strong></span> <span class='ocrx_word' id='word_1_366' title='bbox 1859 3092 1995 3131; x_wconf 62' lang='lat' dir='ltr'><strong>cono</strong></span> 
     </span>
    </p>
   </div>
   <div class='ocr_carea' id='block_1_47' title="bbox 411 3158 1993 3237">
    <p class='ocr_par' dir='ltr' id='par_1_47' title="bbox 411 3158 1993 3237">
     <span class='ocr_line' id='line_1_47' title="bbox 411 3158 1993 3237; baseline 0.006 -25"><span class='ocrx_word' id='word_1_367' title='bbox 411 3158 602 3213; x_wconf 88' lang='lat' dir='ltr'><strong>clusus</strong></span> <span class='ocrx_word' id='word_1_368' title='bbox 625 3159 777 3214; x_wconf 88' lang='lat' dir='ltr'><strong>audit</strong></span> <span class='ocrx_word' id='word_1_369' title='bbox 806 3158 994 3216; x_wconf 81' lang='lat' dir='ltr'><strong>Jesum</strong></span> <span class='ocrx_word' id='word_1_370' title='bbox 1015 3202 1030 3228; x_wconf 92' lang='lat'><strong>,</strong></span> <span class='ocrx_word' id='word_1_371' title='bbox 1061 3172 1115 3216; x_wconf 88' lang='lat' dir='ltr'><strong>et</strong></span> <span class='ocrx_word' id='word_1_372' title='bbox 1146 3166 1374 3221; x_wconf 83' lang='lat' dir='ltr'><strong>audiens</strong></span> <span class='ocrx_word' id='word_1_373' title='bbox 1401 3167 1641 3221; x_wconf 73' lang='lat' dir='ltr'><strong>exsilivit</strong></span> <span class='ocrx_word' id='word_1_374' title='bbox 1665 3208 1681 3233; x_wconf 94' lang='lat'><strong>,</strong></span> <span class='ocrx_word' id='word_1_375' title='bbox 1713 3178 1876 3237; x_wconf 89' lang='lat' dir='ltr'><strong>atque</strong></span> <span class='ocrx_word' id='word_1_376' title='bbox 1903 3169 1993 3222; x_wconf 68' lang='lat' dir='ltr'><strong>Ite-</strong></span> 
     </span>
    </p>
   </div>
   <div class='ocr_carea' id='block_1_48' title="bbox 415 3256 1992 3328">
    <p class='ocr_par' dir='ltr' id='par_1_48' title="bbox 415 3256 1992 3328">
     <span class='ocr_line' id='line_1_48' title="bbox 415 3256 1992 3328; baseline 0.01 -28"><span class='ocrx_word' id='word_1_377' title='bbox 415 3256 560 3303; x_wconf 79' lang='lat' dir='ltr'><strong>tatus</strong></span> <span class='ocrx_word' id='word_1_378' title='bbox 584 3258 688 3315; x_wconf 91' lang='lat' dir='ltr'><strong>est,</strong></span> <span class='ocrx_word' id='word_1_379' title='bbox 724 3267 895 3322; x_wconf 90' lang='lat' dir='ltr'><strong>quare</strong></span> <span class='ocrx_word' id='word_1_380' title='bbox 925 3269 1034 3308; x_wconf 89' lang='lat' dir='ltr'><strong>non</strong></span> <span class='ocrx_word' id='word_1_381' title='bbox 1077 3258 1269 3311; x_wconf 73' lang='lat' dir='ltr'><strong>credas</strong></span> <span class='ocrx_word' id='word_1_382' title='bbox 1299 3273 1424 3311; x_wconf 90' lang='lat' dir='ltr'><strong>eum</strong></span> <span class='ocrx_word' id='word_1_383' title='bbox 1449 3257 1562 3327; x_wconf 81' lang='lat' dir='ltr'><strong>jam</strong></span> <span class='ocrx_word' id='word_1_384' title='bbox 1596 3260 1836 3328; x_wconf 84' lang='lat' dir='ltr'><strong>genitum</strong></span> <span class='ocrx_word' id='word_1_385' title='bbox 1866 3274 1992 3328; x_wconf 89' lang='lat' dir='ltr'><strong>pro-</strong></span> 
     </span>
    </p>
   </div>
   <div class='ocr_carea' id='block_1_49' title="bbox 409 3341 1992 3421">
    <p class='ocr_par' dir='ltr' id='par_1_49' title="bbox 409 3341 1992 3421">
     <span class='ocr_line' id='line_1_49' title="bbox 409 3341 1992 3421; baseline 0.008 -27"><span class='ocrx_word' id='word_1_386' title='bbox 409 3341 649 3409; x_wconf 79' lang='lat' dir='ltr'><strong>phetiam</strong></span> <span class='ocrx_word' id='word_1_387' title='bbox 685 3346 856 3414; x_wconf 87' lang='lat' dir='ltr'><strong>patris</strong></span> <span class='ocrx_word' id='word_1_388' title='bbox 879 3346 1070 3402; x_wconf 90' lang='lat' dir='ltr'><strong>audire</strong></span> <span class='ocrx_word' id='word_1_389' title='bbox 1094 3357 1148 3401; x_wconf 90' lang='lat' dir='ltr'><strong>et</strong></span> <span class='ocrx_word' id='word_1_390' title='bbox 1179 3350 1477 3421; x_wconf 83' lang='lat' dir='ltr'><strong>intelligere</strong></span> <span class='ocrx_word' id='word_1_391' title='bbox 1503 3352 1769 3420; x_wconf 87' lang='lat' dir='ltr'><strong>potuisse,</strong></span> <span class='ocrx_word' id='word_1_392' title='bbox 1806 3352 1992 3407; x_wconf 77' lang='lat' dir='ltr'><strong>dicen—</strong></span> 
     </span>
    </p>
   </div>
   <div class='ocr_carea' id='block_1_50' title="bbox 413 3436 1987 3511">
    <p class='ocr_par' dir='ltr' id='par_1_50' title="bbox 413 3436 1987 3511">
     <span class='ocr_line' id='line_1_50' title="bbox 413 3436 1987 3511; baseline 0.007 -25"><span class='ocrx_word' id='word_1_393' title='bbox 413 3440 519 3487; x_wconf 81' lang='lat' dir='ltr'><strong>tetu</strong></span> <span class='ocrx_word' id='word_1_394' title='bbox 554 3436 621 3489; x_wconf 86' lang='lat' dir='ltr'><strong>ad</strong></span> <span class='ocrx_word' id='word_1_395' title='bbox 648 3451 708 3490; x_wconf 88' lang='lat' dir='ltr'><strong>se</strong></span> <span class='ocrx_word' id='word_1_396' title='bbox 742 3456 755 3492; x_wconf 77' lang='grc' dir='ltr'><strong>ι</strong></span> <span class='ocrx_word' id='word_1_397' title='bbox 796 3437 860 3491; x_wconf 82' lang='grc' dir='ltr'>Ει</span> <span class='ocrx_word' id='word_1_398' title='bbox 888 3448 943 3493; x_wconf 93' lang='lat' dir='ltr'><strong>tu</strong></span> <span class='ocrx_word' id='word_1_399' title='bbox 966 3480 979 3504; x_wconf 90' lang='lat'><strong>,</strong></span> <span class='ocrx_word' id='word_1_400' title='bbox 1002 3457 1152 3508; x_wconf 86' lang='lat' dir='ltr'><strong>puer,</strong></span> <span class='ocrx_word' id='word_1_401' title='bbox 1180 3442 1432 3511; x_wconf 85' lang='lat' dir='ltr'><strong>propheta</strong></span> <span class='ocrx_word' id='word_1_402' title='bbox 1462 3440 1673 3495; x_wconf 63' lang='grc' dir='ltr'><strong>Επαιιεὶ</strong></span> <span class='ocrx_word' id='word_1_403' title='bbox 1696 3444 1987 3509; x_wconf 86' lang='lat' dir='ltr'><strong>vocaberis,</strong></span> 
     </span>
    </p>
   </div>
   <div class='ocr_carea' id='block_1_51' title="bbox 404 3528 1993 3600">
    <p class='ocr_par' dir='ltr' id='par_1_51' title="bbox 404 3528 1993 3600">
     <span class='ocr_line' id='line_1_51' title="bbox 404 3528 1993 3600; baseline 0.006 -21"><span class='ocrx_word' id='word_1_404' title='bbox 404 3528 682 3582; x_wconf 81' lang='lat' dir='ltr'><strong>antecedes</strong></span> <span class='ocrx_word' id='word_1_405' title='bbox 707 3531 847 3583; x_wconf 83' lang='lat' dir='ltr'><strong>enim</strong></span> <span class='ocrx_word' id='word_1_406' title='bbox 869 3534 1049 3586; x_wconf 70' lang='lat' dir='ltr'><strong>coram</strong></span> <span class='ocrx_word' id='word_1_407' title='bbox 1085 3533 1309 3587; x_wconf 86' lang='lat' dir='ltr'><strong>Domino</strong></span> <span class='ocrx_word' id='word_1_408' title='bbox 1330 3548 1523 3600; x_wconf 88' lang='lat' dir='ltr'><strong>parare</strong></span> <span class='ocrx_word' id='word_1_409' title='bbox 1543 3535 1655 3586; x_wconf 81' lang='lat' dir='ltr'><strong>vias</strong></span> <span class='ocrx_word' id='word_1_410' title='bbox 1679 3534 1792 3600; x_wconf 84' lang='lat' dir='ltr'><strong>ejus</strong></span> <span class='ocrx_word' id='word_1_411' title='bbox 1817 3535 1842 3586; x_wconf 89' lang='lat'><strong><em>?</em></strong></span> <span class='ocrx_word' id='word_1_412' title='bbox 1866 3534 1993 3589; x_wconf 82' lang='lat' dir='ltr'><strong>Ideo</strong></span> 
     </span>
    </p>
   </div>
   <div class='ocr_carea' id='block_1_52' title="bbox 404 3616 1991 3692">
    <p class='ocr_par' dir='ltr' id='par_1_52' title="bbox 404 3616 1991 3692">
     <span class='ocr_line' id='line_1_52' title="bbox 404 3616 1991 3692; baseline 0.007 -26"><span class='ocrx_word' id='word_1_413' title='bbox 404 3630 538 3670; x_wconf 86' lang='lat' dir='ltr'><strong>reor</strong></span> <span class='ocrx_word' id='word_1_414' title='bbox 566 3616 889 3673; x_wconf 82' lang='lat' dir='ltr'><strong>Zachariam</strong></span> <span class='ocrx_word' id='word_1_415' title='bbox 926 3620 1237 3685; x_wconf 79' lang='lat' dir='ltr'><strong>festinasse,</strong></span> <span class='ocrx_word' id='word_1_416' title='bbox 1268 3632 1325 3675; x_wconf 90' lang='lat' dir='ltr'><strong>ut</strong></span> <span class='ocrx_word' id='word_1_417' title='bbox 1352 3623 1667 3689; x_wconf 84' lang='lat' dir='ltr'><strong>loqueretur</strong></span> <span class='ocrx_word' id='word_1_418' title='bbox 1693 3623 1759 3676; x_wconf 87' lang='lat' dir='ltr'><strong>ad</strong></span> <span class='ocrx_word' id='word_1_419' title='bbox 1793 3639 1991 3692; x_wconf 87' lang='lat' dir='ltr'><strong>parvu-</strong></span> 
     </span>
    </p>
   </div>
   <div class='ocr_carea' id='block_1_53' title="bbox 409 3705 1991 3781">
    <p class='ocr_par' dir='ltr' id='par_1_53' title="bbox 409 3705 1991 3781">
     <span class='ocr_line' id='line_1_53' title="bbox 409 3705 1991 3781; baseline 0.006 -23"><span class='ocrx_word' id='word_1_420' title='bbox 409 3705 548 3777; x_wconf 87' lang='lat' dir='ltr'><strong>lum,</strong></span> <span class='ocrx_word' id='word_1_421' title='bbox 587 3708 714 3777; x_wconf 92' lang='lat' dir='ltr'><strong>quia</strong></span> <span class='ocrx_word' id='word_1_422' title='bbox 746 3709 952 3765; x_wconf 87' lang='lat' dir='ltr'><strong>sciebat</strong></span> <span class='ocrx_word' id='word_1_423' title='bbox 978 3725 1102 3766; x_wconf 88' lang='lat' dir='ltr'><strong>eum</strong></span> <span class='ocrx_word' id='word_1_424' title='bbox 1129 3721 1251 3781; x_wconf 91' lang='lat' dir='ltr'><strong>post</strong></span> <span class='ocrx_word' id='word_1_425' title='bbox 1276 3713 1554 3781; x_wconf 90' lang='lat' dir='ltr'><strong>paululum</strong></span> <span class='ocrx_word' id='word_1_426' title='bbox 1583 3715 1635 3767; x_wconf 92' lang='lat' dir='ltr'><strong>in</strong></span> <span class='ocrx_word' id='word_1_427' title='bbox 1663 3730 1848 3769; x_wconf 83' lang='lat' dir='ltr'><strong>eremo</strong></span> <span class='ocrx_word' id='word_1_428' title='bbox 1874 3730 1991 3768; x_wconf 86' lang='lat' dir='ltr'><strong>mo-</strong></span> 
     </span>
    </p>
   </div>
   <div class='ocr_carea' id='block_1_54' title="bbox 414 3799 1988 3872">
    <p class='ocr_par' dir='ltr' id='par_1_54' title="bbox 414 3799 1988 3872">
     <span class='ocr_line' id='line_1_54' title="bbox 414 3799 1988 3872; baseline 0.004 -19"><span class='ocrx_word' id='word_1_429' title='bbox 414 3805 841 3864; x_wconf 49' lang='lat' dir='ltr'><strong>raturumpnec</strong></span> <span class='ocrx_word' id='word_1_430' title='bbox 890 3814 950 3855; x_wconf 88' lang='lat' dir='ltr'><strong>se</strong></span> <span class='ocrx_word' id='word_1_431' title='bbox 997 3799 1118 3870; x_wconf 80' lang='lat' dir='ltr'><strong>ejus</strong></span> <span class='ocrx_word' id='word_1_432' title='bbox 1164 3817 1325 3870; x_wconf 79' lang='lat' dir='ltr'><strong>posse</strong></span> <span class='ocrx_word' id='word_1_433' title='bbox 1374 3806 1715 3872; x_wconf 72' lang='lat' dir='ltr'><strong>praesentiam</strong></span> <span class='ocrx_word' id='word_1_434' title='bbox 1769 3805 1988 3861; x_wconf 88' lang='lat' dir='ltr'><strong>habere.</strong></span> 
     </span>
    </p>
   </div>
   <div class='ocr_carea' id='block_1_55' title="bbox 413 3888 1992 3967">
    <p class='ocr_par' dir='ltr' id='par_1_55' title="bbox 413 3888 1992 3967">
     <span class='ocr_line' id='line_1_55' title="bbox 413 3888 1992 3967; baseline 0.006 -22"><span class='ocrx_word' id='word_1_435' title='bbox 413 3888 559 3946; x_wconf 88' lang='lat' dir='ltr'><strong>Puer</strong></span> <span class='ocrx_word' id='word_1_436' title='bbox 599 3896 739 3947; x_wconf 89' lang='lat' dir='ltr'><strong>enim</strong></span> <span class='ocrx_word' id='word_1_437' title='bbox 775 3904 888 3950; x_wconf 89' lang='lat' dir='ltr'><strong>erat</strong></span> <span class='ocrx_word' id='word_1_438' title='bbox 916 3896 970 3949; x_wconf 90' lang='lat' dir='ltr'><strong>in</strong></span> <span class='ocrx_word' id='word_1_439' title='bbox 995 3895 1215 3950; x_wconf 88' lang='lat' dir='ltr'><strong>desertis</strong></span> <span class='ocrx_word' id='word_1_440' title='bbox 1240 3912 1403 3967; x_wconf 85' lang='lat' dir='ltr'><strong>usque</strong></span> <span class='ocrx_word' id='word_1_441' title='bbox 1425 3896 1494 3951; x_wconf 88' lang='lat' dir='ltr'><strong>ad</strong></span> <span class='ocrx_word' id='word_1_442' title='bbox 1516 3898 1654 3951; x_wconf 89' lang='lat' dir='ltr'><strong>diem</strong></span> <span class='ocrx_word' id='word_1_443' title='bbox 1679 3901 1992 3955; x_wconf 80' lang='lat' dir='ltr'><strong>ostensiouis</strong></span> 
     </span>
    </p>
   </div>
   <div class='ocr_carea' id='block_1_56' title="bbox 414 3984 1988 4061">
    <p class='ocr_par' dir='ltr' id='par_1_56' title="bbox 414 3984 1988 4061">
     <span class='ocr_line' id='line_1_56' title="bbox 414 3984 1988 4061; baseline 0.006 -24"><span class='ocrx_word' id='word_1_444' title='bbox 414 3998 526 4039; x_wconf 75' lang='lat' dir='ltr'><strong>sua:</strong></span> <span class='ocrx_word' id='word_1_445' title='bbox 553 3986 621 4038; x_wconf 88' lang='lat' dir='ltr'><strong>ad</strong></span> <span class='ocrx_word' id='word_1_446' title='bbox 645 3984 839 4041; x_wconf 78' lang='lat' dir='ltr'><strong>Israel.</strong></span> <span class='ocrx_word' id='word_1_447' title='bbox 864 3986 930 4041; x_wconf 84' lang='lat' dir='ltr'><strong>Et</strong></span> <span class='ocrx_word' id='word_1_448' title='bbox 954 3986 1168 4059; x_wconf 74' lang='lat' dir='ltr'><strong>Moyses</strong></span> <span class='ocrx_word' id='word_1_449' title='bbox 1192 3988 1245 4042; x_wconf 92' lang='lat' dir='ltr'><strong>iu</strong></span> <span class='ocrx_word' id='word_1_450' title='bbox 1272 3988 1505 4043; x_wconf 80' lang='lat' dir='ltr'><strong>desertis</strong></span> <span class='ocrx_word' id='word_1_451' title='bbox 1534 3999 1779 4046; x_wconf 89' lang='lat' dir='ltr'><strong>moratus</strong></span> <span class='ocrx_word' id='word_1_452' title='bbox 1805 4002 1889 4047; x_wconf 86' lang='lat' dir='ltr'><strong>est</strong></span> <span class='ocrx_word' id='word_1_453' title='bbox 1909 3994 1988 4061; x_wconf 79' lang='lat'><strong>&quot;;</strong></span> 
     </span>
    </p>
   </div>
   <div class='ocr_carea' id='block_1_57' title="bbox 480 4123 1911 4192">
    <p class='ocr_par' dir='ltr' id='par_1_57' title="bbox 480 4123 1911 4192">
     <span class='ocr_line' id='line_1_57' title="bbox 480 4123 1911 4192; baseline 0.003 -13"><span class='ocrx_word' id='word_1_454' title='bbox 480 4124 525 4156; x_wconf 81' lang='lat'>“</span> <span class='ocrx_word' id='word_1_455' title='bbox 563 4124 736 4181; x_wconf 82' lang='lat' dir='ltr'><strong>Exod.</strong></span> <span class='ocrx_word' id='word_1_456' title='bbox 771 4141 850 4180; x_wconf 90' lang='grc' dir='ltr'>ιιι.</span> <span class='ocrx_word' id='word_1_457' title='bbox 926 4126 971 4158; x_wconf 69' lang='grc'><strong>⁸⁷</strong></span> <span class='ocrx_word' id='word_1_458' title='bbox 999 4124 1232 4181; x_wconf 79' lang='lat' dir='ltr'><strong>Malach.</strong></span> <span class='ocrx_word' id='word_1_459' title='bbox 1267 4140 1350 4188; x_wconf 88' lang='grc' dir='ltr'>ιιι,</span> <span class='ocrx_word' id='word_1_460' title='bbox 1389 4125 1439 4178; x_wconf 83' lang='grc' dir='ltr'><strong>Ι.</strong></span> <span class='ocrx_word' id='word_1_461' title='bbox 1515 4125 1560 4157; x_wconf 74' lang='grc'><strong>³⁸</strong></span> <span class='ocrx_word' id='word_1_462' title='bbox 1588 4123 1723 4179; x_wconf 88' lang='lat' dir='ltr'><strong>Gen.</strong></span> <span class='ocrx_word' id='word_1_463' title='bbox 1756 4142 1793 4192; x_wconf 84' lang='grc' dir='ltr'>ι,</span> <span class='ocrx_word' id='word_1_464' title='bbox 1822 4126 1911 4183; x_wconf 70' lang='lat'><strong>9.9..</strong></span> 
     </span>
    </p>
   </div>
   <div class='ocr_carea' id='block_1_58' title="bbox 411 4263 1985 4339">
    <p class='ocr_par' dir='ltr' id='par_1_58' title="bbox 411 4263 1985 4339">
     <span class='ocr_line' id='line_1_58' title="bbox 411 4263 1985 4339; baseline -0.001 -19"><span class='ocrx_word' id='word_1_465' title='bbox 411 4267 560 4339; x_wconf 81' lang='grc' dir='ltr'><strong>ζωῆς</strong></span> <span class='ocrx_word' id='word_1_466' title='bbox 590 4267 767 4338; x_wconf 76' lang='grc' dir='ltr'>ἡμῶν.</span> <span class='ocrx_word' id='word_1_467' title='bbox 810 4265 1073 4339; x_wconf 79' lang='lat' dir='ltr'><strong>Quoniam</strong></span> <span class='ocrx_word' id='word_1_468' title='bbox 1112 4279 1465 4339; x_wconf 71' lang='lat' dir='ltr'><strong>smpenumero</strong></span> <span class='ocrx_word' id='word_1_469' title='bbox 1495 4263 1790 4318; x_wconf 88' lang='lat' dir='ltr'><strong>liberantur</strong></span> <span class='ocrx_word' id='word_1_470' title='bbox 1818 4267 1985 4339; x_wconf 77' lang='lat' dir='ltr'><strong>aliqui</strong></span> 
     </span>
    </p>
   </div>
   <div class='ocr_carea' id='block_1_59' title="bbox 410 4337 1983 4403">
    <p class='ocr_par' dir='ltr' id='par_1_59' title="bbox 410 4337 1983 4403">
     <span class='ocr_line' id='line_1_59' title="bbox 410 4337 1983 4403; baseline 0 -12"><span class='ocrx_word' id='word_1_471' title='bbox 410 4339 479 4391; x_wconf 82' lang='lat' dir='ltr'><strong>de</strong></span> <span class='ocrx_word' id='word_1_472' title='bbox 508 4337 667 4391; x_wconf 79' lang='lat' dir='ltr'><strong>manu</strong></span> <span class='ocrx_word' id='word_1_473' title='bbox 692 4339 942 4399; x_wconf 89' lang='lat' dir='ltr'><strong>hostium,</strong></span> <span class='ocrx_word' id='word_1_474' title='bbox 974 4337 1064 4391; x_wconf 83' lang='lat' dir='ltr'><strong>sed</strong></span> <span class='ocrx_word' id='word_1_475' title='bbox 1103 4353 1219 4389; x_wconf 88' lang='lat' dir='ltr'><strong>cum</strong></span> <span class='ocrx_word' id='word_1_476' title='bbox 1256 4338 1459 4396; x_wconf 85' lang='lat' dir='ltr'><strong>timore,</strong></span> <span class='ocrx_word' id='word_1_477' title='bbox 1492 4346 1768 4403; x_wconf 85' lang='lat' dir='ltr'><strong>propterea</strong></span> <span class='ocrx_word' id='word_1_478' title='bbox 1803 4337 1932 4390; x_wconf 84' lang='lat' dir='ltr'><strong>dicit</strong></span> <span class='ocrx_word' id='word_1_479' title='bbox 1964 4354 1983 4391; x_wconf 87' lang='lat'><strong><em>:</em></strong></span> 
     </span>
    </p>
   </div>
   <div class='ocr_carea' id='block_1_60' title="bbox 418 4404 1985 4471">
    <p class='ocr_par' dir='ltr' id='par_1_60' title="bbox 418 4404 1985 4471">
     <span class='ocr_line' id='line_1_60' title="bbox 418 4404 1985 4471; baseline -0.002 -9"><span class='ocrx_word' id='word_1_480' title='bbox 418 4406 488 4462; x_wconf 90' lang='lat' dir='ltr'><strong>Ut</strong></span> <span class='ocrx_word' id='word_1_481' title='bbox 511 4409 665 4461; x_wconf 81' lang='lat' dir='ltr'><strong>daret</strong></span> <span class='ocrx_word' id='word_1_482' title='bbox 688 4408 845 4462; x_wconf 87' lang='lat' dir='ltr'><strong>nobis</strong></span> <span class='ocrx_word' id='word_1_483' title='bbox 873 4408 990 4459; x_wconf 84' lang='lat' dir='ltr'><strong>sine</strong></span> <span class='ocrx_word' id='word_1_484' title='bbox 1013 4407 1226 4471; x_wconf 87' lang='lat' dir='ltr'><strong>timore,</strong></span> <span class='ocrx_word' id='word_1_485' title='bbox 1260 4412 1359 4457; x_wconf 87' lang='lat' dir='ltr'><strong>etc.</strong></span> <span class='ocrx_word' id='word_1_486' title='bbox 1393 4404 1595 4457; x_wconf 74' lang='lat' dir='ltr'><strong>Christi</strong></span> <span class='ocrx_word' id='word_1_487' title='bbox 1615 4407 1752 4457; x_wconf 88' lang='lat' dir='ltr'><strong>enim</strong></span> <span class='ocrx_word' id='word_1_488' title='bbox 1792 4407 1985 4460; x_wconf 83' lang='lat' dir='ltr'><strong>adven-</strong></span> 
     </span>
    </p>
   </div>
   <div class='ocr_carea' id='block_1_61' title="bbox 415 4474 1984 4546">
    <p class='ocr_par' dir='ltr' id='par_1_61' title="bbox 415 4474 1984 4546">
     <span class='ocr_line' id='line_1_61' title="bbox 415 4474 1984 4546; baseline 0 -17"><span class='ocrx_word' id='word_1_489' title='bbox 415 4487 501 4531; x_wconf 84' lang='lat' dir='ltr'><strong>tus</strong></span> <span class='ocrx_word' id='word_1_490' title='bbox 533 4478 654 4546; x_wconf 88' lang='lat' dir='ltr'><strong>fecit</strong></span> <span class='ocrx_word' id='word_1_491' title='bbox 686 4488 740 4531; x_wconf 88' lang='lat' dir='ltr'><strong>ut</strong></span> <span class='ocrx_word' id='word_1_492' title='bbox 769 4478 880 4529; x_wconf 83' lang='lat' dir='ltr'><strong>sine</strong></span> <span class='ocrx_word' id='word_1_493' title='bbox 910 4477 1095 4528; x_wconf 83' lang='lat' dir='ltr'><strong>timore</strong></span> <span class='ocrx_word' id='word_1_494' title='bbox 1128 4476 1193 4546; x_wconf 84' lang='lat' dir='ltr'><strong>de</strong></span> <span class='ocrx_word' id='word_1_495' title='bbox 1224 4491 1384 4527; x_wconf 89' lang='lat' dir='ltr'><strong>manu</strong></span> <span class='ocrx_word' id='word_1_496' title='bbox 1419 4474 1660 4546; x_wconf 84' lang='lat' dir='ltr'><strong>hostium</strong></span> <span class='ocrx_word' id='word_1_497' title='bbox 1686 4476 1984 4529; x_wconf 82' lang='lat' dir='ltr'><strong>liberemur.</strong></span> 
     </span>
    </p>
   </div>
   <div class='ocr_carea' id='block_1_62' title="bbox 2681 2023 3102 2080">
    <p class='ocr_par' dir='ltr' id='par_1_62' title="bbox 2681 2023 3102 2080">
     <span class='ocr_line' id='line_1_62' title="bbox 2681 2023 3102 2080; baseline 0.002 -1"><span class='ocrx_word' id='word_1_498' title='bbox 2681 2023 2969 2079; x_wconf 73' lang='lat' dir='ltr'><strong>llOMlLiA</strong></span> <span class='ocrx_word' id='word_1_499' title='bbox 3007 2025 3102 2080; x_wconf 77' lang='lat' dir='ltr'><strong>XI.</strong></span> 
     </span>
    </p>
   </div>
   <div class='ocr_carea' id='block_1_63' title="bbox 2105 2137 3687 2210">
    <p class='ocr_par' dir='ltr' id='par_1_63' title="bbox 2105 2137 3687 2210">
     <span class='ocr_line' id='line_1_63' title="bbox 2105 2137 3687 2210; baseline 0.001 -18"><span class='ocrx_word' id='word_1_500' title='bbox 2105 2138 2178 2193; x_wconf 86' lang='lat' dir='ltr'><strong>De</strong></span> <span class='ocrx_word' id='word_1_501' title='bbox 2218 2155 2277 2193; x_wconf 91' lang='lat' dir='ltr'><strong>eo</strong></span> <span class='ocrx_word' id='word_1_502' title='bbox 2319 2141 2459 2210; x_wconf 80' lang='lat' dir='ltr'><strong>quod</strong></span> <span class='ocrx_word' id='word_1_503' title='bbox 2496 2139 2754 2209; x_wconf 86' lang='lat' dir='ltr'><strong>scriptum</strong></span> <span class='ocrx_word' id='word_1_504' title='bbox 2796 2148 2872 2192; x_wconf 86' lang='lat' dir='ltr'><strong>est</strong></span> <span class='ocrx_word' id='word_1_505' title='bbox 2906 2155 2923 2193; x_wconf 90' lang='lat'><strong><em>:</em></strong></span> <span class='ocrx_word' id='word_1_506' title='bbox 2963 2158 2980 2189; x_wconf 82' lang='grc' dir='ltr'><strong>ι</strong></span> <span class='ocrx_word' id='word_1_507' title='bbox 3023 2137 3163 2191; x_wconf 86' lang='lat' dir='ltr'><strong>Puer</strong></span> <span class='ocrx_word' id='word_1_508' title='bbox 3192 2147 3366 2192; x_wconf 84' lang='lat' dir='ltr'><strong>autem</strong></span> <span class='ocrx_word' id='word_1_509' title='bbox 3403 2137 3687 2206; x_wconf 77' lang='lat' dir='ltr'><strong>crescebat,</strong></span> 
     </span>
    </p>
   </div>
   <div class='ocr_carea' id='block_1_64' title="bbox 2168 2209 3684 2279">
    <p class='ocr_par' dir='ltr' id='par_1_64' title="bbox 2168 2209 3684 2279">
     <span class='ocr_line' id='line_1_64' title="bbox 2168 2209 3684 2279; baseline -0.001 -17"><span class='ocrx_word' id='word_1_510' title='bbox 2168 2218 2217 2262; x_wconf 84' lang='lat' dir='ltr'><strong>et</strong></span> <span class='ocrx_word' id='word_1_511' title='bbox 2249 2209 2652 2279; x_wconf 80' lang='lat' dir='ltr'><strong>confortubatur</strong></span> <span class='ocrx_word' id='word_1_512' title='bbox 2694 2210 2921 2278; x_wconf 85' lang='lat' dir='ltr'><strong>spiritu,</strong></span> <span class='ocrx_word' id='word_1_513' title='bbox 2975 2228 2992 2259; x_wconf 75' lang='grc' dir='ltr'><strong>ι</strong></span> <span class='ocrx_word' id='word_1_514' title='bbox 3046 2225 3206 2279; x_wconf 85' lang='lat' dir='ltr'><strong>usque</strong></span> <span class='ocrx_word' id='word_1_515' title='bbox 3250 2209 3319 2261; x_wconf 85' lang='lat' dir='ltr'><strong>ad</strong></span> <span class='ocrx_word' id='word_1_516' title='bbox 3366 2224 3482 2279; x_wconf 81' lang='lat' dir='ltr'><strong>eum</strong></span> <span class='ocrx_word' id='word_1_517' title='bbox 3510 2210 3684 2261; x_wconf 81' lang='lat' dir='ltr'><strong>locant</strong></span> 
     </span>
    </p>
   </div>
   <div class='ocr_carea' id='block_1_65' title="bbox 2169 2278 3684 2348">
    <p class='ocr_par' dir='ltr' id='par_1_65' title="bbox 2169 2278 3684 2348">
     <span class='ocr_line' id='line_1_65' title="bbox 2169 2278 3684 2348; baseline 0.001 -17"><span class='ocrx_word' id='word_1_518' title='bbox 2169 2279 2259 2331; x_wconf 89' lang='lat' dir='ltr'><strong>ubi</strong></span> <span class='ocrx_word' id='word_1_519' title='bbox 2287 2278 2361 2332; x_wconf 84' lang='lat' dir='ltr'><strong>ait</strong></span> <span class='ocrx_word' id='word_1_520' title='bbox 2395 2294 2415 2332; x_wconf 90' lang='lat'><strong><em>:</em></strong></span> <span class='ocrx_word' id='word_1_521' title='bbox 2451 2299 2468 2330; x_wconf 80' lang='grc' dir='ltr'><strong>ι</strong></span> <span class='ocrx_word' id='word_1_522' title='bbox 2514 2279 2639 2331; x_wconf 81' lang='grc' dir='ltr'><strong>ΙΙηέ</strong></span> <span class='ocrx_word' id='word_1_523' title='bbox 2667 2290 2743 2332; x_wconf 86' lang='lat' dir='ltr'><strong>est</strong></span> <span class='ocrx_word' id='word_1_524' title='bbox 2773 2280 3055 2347; x_wconf 79' lang='lat' dir='ltr'><strong>descriptio</strong></span> <span class='ocrx_word' id='word_1_525' title='bbox 3093 2278 3265 2347; x_wconf 81' lang='lat' dir='ltr'><strong>prima</strong></span> <span class='ocrx_word' id='word_1_526' title='bbox 3288 2294 3405 2348; x_wconf 76' lang='lat' dir='ltr'><strong>qua:</strong></span> <span class='ocrx_word' id='word_1_527' title='bbox 3435 2278 3576 2338; x_wconf 84' lang='lat' dir='ltr'><strong>facta</strong></span> <span class='ocrx_word' id='word_1_528' title='bbox 3604 2288 3684 2333; x_wconf 85' lang='lat' dir='ltr'><strong>est</strong></span> 
     </span>
    </p>
   </div>
   <div class='ocr_carea' id='block_1_66' title="bbox 2168 2348 3451 2419">
    <p class='ocr_par' dir='ltr' id='par_1_66' title="bbox 2168 2348 3451 2419">
     <span class='ocr_line' id='line_1_66' title="bbox 2168 2348 3451 2419; baseline 0.001 -18"><span class='ocrx_word' id='word_1_529' title='bbox 2168 2348 2262 2401; x_wconf 86' lang='lat' dir='ltr'><strong>sub</strong></span> <span class='ocrx_word' id='word_1_530' title='bbox 2292 2349 2516 2418; x_wconf 59' lang='lat' dir='ltr'><strong>praeside</strong></span> <span class='ocrx_word' id='word_1_531' title='bbox 2543 2349 2716 2419; x_wconf 69' lang='lat' dir='ltr'><strong>Syriis</strong></span> <span class='ocrx_word' id='word_1_532' title='bbox 2744 2348 2962 2418; x_wconf 80' lang='lat' dir='ltr'><strong>Cyrino.</strong></span> <span class='ocrx_word' id='word_1_533' title='bbox 3005 2368 3023 2399; x_wconf 71' lang='grc' dir='ltr'><strong>ι</strong></span> <span class='ocrx_word' id='word_1_534' title='bbox 3057 2351 3227 2417; x_wconf 73' lang='lat' dir='ltr'><strong>Capp.</strong></span> <span class='ocrx_word' id='word_1_535' title='bbox 3263 2364 3278 2401; x_wconf 92' lang='grc' dir='ltr'><strong>ι</strong></span> <span class='ocrx_word' id='word_1_536' title='bbox 3305 2358 3359 2402; x_wconf 87' lang='lat' dir='ltr'><strong>et</strong></span> <span class='ocrx_word' id='word_1_537' title='bbox 3392 2363 3451 2402; x_wconf 91' lang='grc' dir='ltr'>ιι.</span> 
     </span>
    </p>
   </div>
   <div class='ocr_carea' id='block_1_67' title="bbox 2167 2456 3688 2531">
    <p class='ocr_par' dir='ltr' id='par_1_67' title="bbox 2167 2456 3688 2531">
     <span class='ocr_line' id='line_1_67' title="bbox 2167 2456 3688 2531; baseline -0.003 -16"><span class='ocrx_word' id='word_1_538' title='bbox 2167 2460 2371 2516; x_wconf 79' lang='lat' dir='ltr'><strong>Bil‘arie</strong></span> <span class='ocrx_word' id='word_1_539' title='bbox 2415 2462 2469 2516; x_wconf 91' lang='lat' dir='ltr'><strong>in</strong></span> <span class='ocrx_word' id='word_1_540' title='bbox 2502 2462 2802 2531; x_wconf 87' lang='lat' dir='ltr'><strong>Scripturis</strong></span> <span class='ocrx_word' id='word_1_541' title='bbox 2838 2461 3045 2515; x_wconf 87' lang='lat' dir='ltr'><strong>sanctis</strong></span> <span class='ocrx_word' id='word_1_542' title='bbox 3093 2474 3339 2514; x_wconf 84' lang='lat' dir='ltr'><strong>crescere</strong></span> <span class='ocrx_word' id='word_1_543' title='bbox 3388 2456 3519 2529; x_wconf 91' lang='lat' dir='ltr'><strong>quid</strong></span> <span class='ocrx_word' id='word_1_544' title='bbox 3551 2457 3688 2513; x_wconf 91' lang='lat' dir='ltr'><strong>dici-</strong></span> 
     </span>
    </p>
   </div>
   <div class='ocr_carea' id='block_1_68' title="bbox 2099 2549 3676 2623">
    <p class='ocr_par' dir='ltr' id='par_1_68' title="bbox 2099 2549 3676 2623">
     <span class='ocr_line' id='line_1_68' title="bbox 2099 2549 3676 2623; baseline -0.003 -16"><span class='ocrx_word' id='word_1_545' title='bbox 2099 2562 2189 2607; x_wconf 88' lang='lat' dir='ltr'><strong>tur</strong></span> <span class='ocrx_word' id='word_1_546' title='bbox 2224 2568 2436 2608; x_wconf 89' lang='lat' dir='ltr'><strong>:unum</strong></span> <span class='ocrx_word' id='word_1_547' title='bbox 2480 2553 2856 2623; x_wconf 88' lang='lat' dir='ltr'><strong>corporaliter,</strong></span> <span class='ocrx_word' id='word_1_548' title='bbox 2892 2552 2983 2606; x_wconf 89' lang='lat' dir='ltr'><strong>ubi</strong></span> <span class='ocrx_word' id='word_1_549' title='bbox 3031 2551 3286 2605; x_wconf 69' lang='lat' dir='ltr'><strong>voluntas</strong></span> <span class='ocrx_word' id='word_1_550' title='bbox 3324 2550 3562 2603; x_wconf 84' lang='lat' dir='ltr'><strong>humana</strong></span> <span class='ocrx_word' id='word_1_551' title='bbox 3596 2549 3676 2603; x_wconf 83' lang='lat' dir='ltr'><strong>ni-</strong></span> 
     </span>
    </p>
   </div>
   <div class='ocr_carea' id='block_1_69' title="bbox 2100 2636 3681 2715">
    <p class='ocr_par' dir='ltr' id='par_1_69' title="bbox 2100 2636 3681 2715">
     <span class='ocr_line' id='line_1_69' title="bbox 2100 2636 3681 2715; baseline -0.004 -18"><span class='ocrx_word' id='word_1_552' title='bbox 2100 2644 2173 2697; x_wconf 90' lang='lat' dir='ltr'><strong>hil</strong></span> <span class='ocrx_word' id='word_1_553' title='bbox 2200 2644 2450 2715; x_wconf 87' lang='lat' dir='ltr'><strong>prodest;</strong></span> <span class='ocrx_word' id='word_1_554' title='bbox 2470 2643 2699 2698; x_wconf 89' lang='lat' dir='ltr'><strong>altcrum</strong></span> <span class='ocrx_word' id='word_1_555' title='bbox 2725 2641 3062 2712; x_wconf 73' lang='lat' dir='ltr'><strong>Spiritaliter,</strong></span> <span class='ocrx_word' id='word_1_556' title='bbox 3088 2640 3178 2694; x_wconf 87' lang='lat' dir='ltr'><strong>ubi</strong></span> <span class='ocrx_word' id='word_1_557' title='bbox 3208 2654 3373 2693; x_wconf 87' lang='lat' dir='ltr'><strong>causa</strong></span> <span class='ocrx_word' id='word_1_558' title='bbox 3402 2636 3681 2693; x_wconf 84' lang='lat' dir='ltr'><strong>crescendi</strong></span> 
     </span>
    </p>
   </div>
   <div class='ocr_carea' id='block_1_70' title="bbox 2097 2729 3684 2800">
    <p class='ocr_par' dir='ltr' id='par_1_70' title="bbox 2097 2729 3684 2800">
     <span class='ocr_line' id='line_1_70' title="bbox 2097 2729 3684 2800; baseline -0.004 -11"><span class='ocrx_word' id='word_1_559' title='bbox 2097 2737 2153 2790; x_wconf 88' lang='lat' dir='ltr'><strong>in</strong></span> <span class='ocrx_word' id='word_1_560' title='bbox 2185 2735 2371 2791; x_wconf 90' lang='lat' dir='ltr'><strong>studio</strong></span> <span class='ocrx_word' id='word_1_561' title='bbox 2398 2735 2653 2791; x_wconf 89' lang='lat' dir='ltr'><strong>consistit</strong></span> <span class='ocrx_word' id='word_1_562' title='bbox 2684 2735 2947 2788; x_wconf 88' lang='lat' dir='ltr'><strong>lnunano.</strong></span> <span class='ocrx_word' id='word_1_563' title='bbox 2990 2732 3066 2786; x_wconf 83' lang='lat' dir='ltr'><strong>De</strong></span> <span class='ocrx_word' id='word_1_564' title='bbox 3092 2733 3194 2785; x_wconf 87' lang='lat' dir='ltr'><strong>hoc</strong></span> <span class='ocrx_word' id='word_1_565' title='bbox 3222 2745 3385 2800; x_wconf 84' lang='lat' dir='ltr'><strong>ergo,</strong></span> <span class='ocrx_word' id='word_1_566' title='bbox 3419 2729 3564 2799; x_wconf 90' lang='lat' dir='ltr'><strong>quod</strong></span> <span class='ocrx_word' id='word_1_567' title='bbox 3590 2744 3684 2783; x_wconf 80' lang='lat' dir='ltr'><strong>se-</strong></span> 
     </span>
    </p>
   </div>
   <div class='ocr_carea' id='block_1_71' title="bbox 2097 2818 3686 2896">
    <p class='ocr_par' dir='ltr' id='par_1_71' title="bbox 2097 2818 3686 2896">
     <span class='ocr_line' id='line_1_71' title="bbox 2097 2818 3686 2896; baseline -0.004 -16"><span class='ocrx_word' id='word_1_568' title='bbox 2097 2827 2337 2880; x_wconf 90' lang='lat' dir='ltr'><strong>cundum</strong></span> <span class='ocrx_word' id='word_1_569' title='bbox 2371 2828 2681 2896; x_wconf 87' lang='lat' dir='ltr'><strong>posuimus,</strong></span> <span class='ocrx_word' id='word_1_570' title='bbox 2719 2824 2769 2877; x_wconf 90' lang='lat' dir='ltr'><strong>id</strong></span> <span class='ocrx_word' id='word_1_571' title='bbox 2799 2834 2904 2889; x_wconf 86' lang='lat' dir='ltr'><strong>est,</strong></span> <span class='ocrx_word' id='word_1_572' title='bbox 2936 2821 3188 2891; x_wconf 88' lang='lat' dir='ltr'><strong>spiritali,</strong></span> <span class='ocrx_word' id='word_1_573' title='bbox 3240 2834 3386 2873; x_wconf 90' lang='lat' dir='ltr'><strong>nunc</strong></span> <span class='ocrx_word' id='word_1_574' title='bbox 3409 2818 3686 2888; x_wconf 78' lang='lat' dir='ltr'><strong>evangeli-</strong></span> 
     </span>
    </p>
   </div>
   <div class='ocr_carea' id='block_1_72' title="bbox 2096 2910 3690 2979">
    <p class='ocr_par' dir='ltr' id='par_1_72' title="bbox 2096 2910 3690 2979">
     <span class='ocr_line' id='line_1_72' title="bbox 2096 2910 3690 2979; baseline -0.008 -6"><span class='ocrx_word' id='word_1_575' title='bbox 2096 2928 2180 2972; x_wconf 85' lang='lat' dir='ltr'><strong>sta</strong></span> <span class='ocrx_word' id='word_1_576' title='bbox 2209 2926 2395 2971; x_wconf 87' lang='lat' dir='ltr'><strong>narrat</strong></span> <span class='ocrx_word' id='word_1_577' title='bbox 2427 2935 2441 2972; x_wconf 90' lang='lat'><strong>:</strong></span> <span class='ocrx_word' id='word_1_578' title='bbox 2479 2916 2623 2970; x_wconf 82' lang='lat' dir='ltr'><strong>Puer</strong></span> <span class='ocrx_word' id='word_1_579' title='bbox 2664 2924 2841 2968; x_wconf 88' lang='lat' dir='ltr'><strong>autem</strong></span> <span class='ocrx_word' id='word_1_580' title='bbox 2880 2913 3181 2976; x_wconf 82' lang='lat' dir='ltr'><strong>crescebat,</strong></span> <span class='ocrx_word' id='word_1_581' title='bbox 3208 2922 3258 2965; x_wconf 91' lang='lat' dir='ltr'><strong>et</strong></span> <span class='ocrx_word' id='word_1_582' title='bbox 3285 2910 3690 2979; x_wconf 72' lang='lat' dir='ltr'><strong>confortabatur</strong></span> 
     </span>
    </p>
   </div>
   <div class='ocr_carea' id='block_1_73' title="bbox 2095 3001 3689 3078">
    <p class='ocr_par' dir='ltr' id='par_1_73' title="bbox 2095 3001 3689 3078">
     <span class='ocr_line' id='line_1_73' title="bbox 2095 3001 3689 3078; baseline -0.004 -17"><span class='ocrx_word' id='word_1_583' title='bbox 2095 3009 2305 3078; x_wconf 85' lang='lat' dir='ltr'><strong>spiritu.</strong></span> <span class='ocrx_word' id='word_1_584' title='bbox 2349 3006 2506 3074; x_wconf 88' lang='lat' dir='ltr'><strong>Quod</strong></span> <span class='ocrx_word' id='word_1_585' title='bbox 2540 3007 2690 3072; x_wconf 87' lang='lat' dir='ltr'><strong>dicit,</strong></span> <span class='ocrx_word' id='word_1_586' title='bbox 2724 3006 2829 3061; x_wconf 90' lang='lat' dir='ltr'><strong>tale</strong></span> <span class='ocrx_word' id='word_1_587' title='bbox 2856 3013 2940 3060; x_wconf 90' lang='lat' dir='ltr'><strong>cst</strong></span> <span class='ocrx_word' id='word_1_588' title='bbox 2972 3023 2986 3059; x_wconf 93' lang='lat'><strong>:</strong></span> <span class='ocrx_word' id='word_1_589' title='bbox 3022 3002 3304 3057; x_wconf 87' lang='lat' dir='ltr'><strong>crescebat</strong></span> <span class='ocrx_word' id='word_1_590' title='bbox 3331 3001 3549 3071; x_wconf 90' lang='lat' dir='ltr'><strong>spiritu,</strong></span> <span class='ocrx_word' id='word_1_591' title='bbox 3585 3015 3689 3055; x_wconf 86' lang='lat' dir='ltr'><strong>nec</strong></span> 
     </span>
    </p>
   </div>
   <div class='ocr_carea' id='block_1_74' title="bbox 2097 3088 3689 3168">
    <p class='ocr_par' dir='ltr' id='par_1_74' title="bbox 2097 3088 3689 3168">
     <span class='ocr_line' id='line_1_74' title="bbox 2097 3088 3689 3168; baseline -0.006 -17"><span class='ocrx_word' id='word_1_592' title='bbox 2097 3098 2152 3151; x_wconf 89' lang='lat' dir='ltr'><strong>in</strong></span> <span class='ocrx_word' id='word_1_593' title='bbox 2200 3098 2391 3151; x_wconf 82' lang='lat' dir='ltr'><strong>eadem</strong></span> <span class='ocrx_word' id='word_1_594' title='bbox 2442 3096 2797 3168; x_wconf 85' lang='lat' dir='ltr'><strong>permanebat</strong></span> <span class='ocrx_word' id='word_1_595' title='bbox 2845 3108 3103 3149; x_wconf 84' lang='lat' dir='ltr'><strong>mensura</strong></span> <span class='ocrx_word' id='word_1_596' title='bbox 3150 3106 3257 3161; x_wconf 89' lang='lat' dir='ltr'><strong>qua</strong></span> <span class='ocrx_word' id='word_1_597' title='bbox 3286 3098 3557 3158; x_wconf 63' lang='lat' dir='ltr'><strong>coeperat;</strong></span> <span class='ocrx_word' id='word_1_598' title='bbox 3595 3088 3689 3143; x_wconf 89' lang='lat' dir='ltr'><strong>sed</strong></span> 
     </span>
    </p>
   </div>
   <div class='ocr_carea' id='block_1_75' title="bbox 2098 3178 3686 3257">
    <p class='ocr_par' dir='ltr' id='par_1_75' title="bbox 2098 3178 3686 3257">
     <span class='ocr_line' id='line_1_75' title="bbox 2098 3178 3686 3257; baseline -0.006 -16"><span class='ocrx_word' id='word_1_599' title='bbox 2098 3202 2317 3257; x_wconf 88' lang='lat' dir='ltr'><strong>semper</strong></span> <span class='ocrx_word' id='word_1_600' title='bbox 2342 3188 2626 3242; x_wconf 82' lang='lat' dir='ltr'><strong>crescebat</strong></span> <span class='ocrx_word' id='word_1_601' title='bbox 2653 3187 2705 3239; x_wconf 91' lang='lat' dir='ltr'><strong>in</strong></span> <span class='ocrx_word' id='word_1_602' title='bbox 2730 3200 2798 3239; x_wconf 90' lang='lat' dir='ltr'><strong>eo</strong></span> <span class='ocrx_word' id='word_1_603' title='bbox 2829 3184 3087 3256; x_wconf 79' lang='lat' dir='ltr'><strong>Spiritus,</strong></span> <span class='ocrx_word' id='word_1_604' title='bbox 3113 3190 3167 3236; x_wconf 93' lang='lat' dir='ltr'><strong>et</strong></span> <span class='ocrx_word' id='word_1_605' title='bbox 3195 3195 3298 3252; x_wconf 40' lang='lat' dir='ltr'><strong>per.</strong></span> <span class='ocrx_word' id='word_1_606' title='bbox 3311 3178 3555 3249; x_wconf 81' lang='lat' dir='ltr'><strong>singulas</strong></span> <span class='ocrx_word' id='word_1_607' title='bbox 3586 3178 3686 3232; x_wconf 86' lang='lat' dir='ltr'><strong>ho-</strong></span> 
     </span>
    </p>
   </div>
   <div class='ocr_carea' id='block_1_76' title="bbox 2099 3271 3691 3347">
    <p class='ocr_par' dir='ltr' id='par_1_76' title="bbox 2099 3271 3691 3347">
     <span class='ocr_line' id='line_1_76' title="bbox 2099 3271 3691 3347; baseline -0.005 -15"><span class='ocrx_word' id='word_1_608' title='bbox 2099 3293 2192 3332; x_wconf 83' lang='lat' dir='ltr'><strong>ras</strong></span> <span class='ocrx_word' id='word_1_609' title='bbox 2221 3286 2388 3347; x_wconf 90' lang='lat' dir='ltr'><strong>atque</strong></span> <span class='ocrx_word' id='word_1_610' title='bbox 2413 3286 2688 3331; x_wconf 90' lang='lat' dir='ltr'><strong>momenta</strong></span> <span class='ocrx_word' id='word_1_611' title='bbox 2711 3276 2902 3345; x_wconf 86' lang='lat' dir='ltr'><strong>spiritu</strong></span> <span class='ocrx_word' id='word_1_612' title='bbox 2930 3271 3531 3338; x_wconf 85' lang='lat' dir='ltr'><strong>succresccute,auima</strong></span> <span class='ocrx_word' id='word_1_613' title='bbox 3558 3285 3691 3340; x_wconf 87' lang='lat' dir='ltr'><strong>quo-</strong></span> 
     </span>
    </p>
   </div>
   <div class='ocr_carea' id='block_1_77' title="bbox 2097 3361 3689 3440">
    <p class='ocr_par' dir='ltr' id='par_1_77' title="bbox 2097 3361 3689 3440">
     <span class='ocr_line' id='line_1_77' title="bbox 2097 3361 3689 3440; baseline -0.006 -17"><span class='ocrx_word' id='word_1_614' title='bbox 2097 3385 2206 3440; x_wconf 93' lang='lat' dir='ltr'><strong>que</strong></span> <span class='ocrx_word' id='word_1_615' title='bbox 2235 3384 2334 3424; x_wconf 86' lang='lat' dir='ltr'><strong>sua</strong></span> <span class='ocrx_word' id='word_1_616' title='bbox 2365 3369 2699 3423; x_wconf 89' lang='lat' dir='ltr'><strong>incrementa</strong></span> <span class='ocrx_word' id='word_1_617' title='bbox 2725 3366 3012 3436; x_wconf 87' lang='lat' dir='ltr'><strong>capiebat,</strong></span> <span class='ocrx_word' id='word_1_618' title='bbox 3046 3376 3101 3419; x_wconf 91' lang='lat' dir='ltr'><strong>et</strong></span> <span class='ocrx_word' id='word_1_619' title='bbox 3138 3378 3247 3416; x_wconf 90' lang='lat' dir='ltr'><strong>non</strong></span> <span class='ocrx_word' id='word_1_620' title='bbox 3277 3363 3454 3417; x_wconf 91' lang='lat' dir='ltr'><strong>solum</strong></span> <span class='ocrx_word' id='word_1_621' title='bbox 3485 3361 3689 3428; x_wconf 89' lang='lat' dir='ltr'><strong>anima,</strong></span> 
     </span>
    </p>
   </div>
   <div class='ocr_carea' id='block_1_78' title="bbox 2101 3450 3687 3524">
    <p class='ocr_par' dir='ltr' id='par_1_78' title="bbox 2101 3450 3687 3524">
     <span class='ocr_line' id='line_1_78' title="bbox 2101 3450 3687 3524; baseline -0.004 -12"><span class='ocrx_word' id='word_1_622' title='bbox 2101 3459 2197 3512; x_wconf 87' lang='lat' dir='ltr'><strong>sed</strong></span> <span class='ocrx_word' id='word_1_623' title='bbox 2229 3457 2391 3512; x_wconf 86' lang='lat' dir='ltr'><strong>etiam</strong></span> <span class='ocrx_word' id='word_1_624' title='bbox 2428 3473 2624 3512; x_wconf 88' lang='lat' dir='ltr'><strong>sensus</strong></span> <span class='ocrx_word' id='word_1_625' title='bbox 2653 3466 2705 3509; x_wconf 85' lang='lat' dir='ltr'><strong>et</strong></span> <span class='ocrx_word' id='word_1_626' title='bbox 2731 3471 2886 3509; x_wconf 89' lang='lat' dir='ltr'><strong>mens</strong></span> <span class='ocrx_word' id='word_1_627' title='bbox 2923 3461 3209 3524; x_wconf 84' lang='lat' dir='ltr'><strong>augmenta</strong></span> <span class='ocrx_word' id='word_1_628' title='bbox 3242 3450 3468 3520; x_wconf 71' lang='lat' dir='ltr'><strong>spiritus</strong></span> <span class='ocrx_word' id='word_1_629' title='bbox 3495 3465 3687 3521; x_wconf 83' lang='lat' dir='ltr'><strong>seque-</strong></span> 
     </span>
    </p>
   </div>
   <div class='ocr_carea' id='block_1_79' title="bbox 2100 3541 3687 3616">
    <p class='ocr_par' dir='ltr' id='par_1_79' title="bbox 2100 3541 3687 3616">
     <span class='ocr_line' id='line_1_79' title="bbox 2100 3541 3687 3616; baseline -0.004 -15"><span class='ocrx_word' id='word_1_630' title='bbox 2100 3547 2278 3601; x_wconf 84' lang='lat' dir='ltr'><strong>batur.</strong></span> <span class='ocrx_word' id='word_1_631' title='bbox 2321 3547 2456 3600; x_wconf 90' lang='lat' dir='ltr'><strong>lllud</strong></span> <span class='ocrx_word' id='word_1_632' title='bbox 2480 3548 2626 3616; x_wconf 85' lang='lat' dir='ltr'><strong>quod</strong></span> <span class='ocrx_word' id='word_1_633' title='bbox 2654 3546 2909 3616; x_wconf 68' lang='lat' dir='ltr'><strong>princepit</strong></span> <span class='ocrx_word' id='word_1_634' title='bbox 2930 3545 3071 3599; x_wconf 82' lang='lat' dir='ltr'><strong>Deus</strong></span> <span class='ocrx_word' id='word_1_635' title='bbox 3093 3544 3139 3577; x_wconf 72' lang='grc'><strong>³⁸</strong></span> <span class='ocrx_word' id='word_1_636' title='bbox 3173 3562 3186 3596; x_wconf 92' lang='lat'>:</span> <span class='ocrx_word' id='word_1_637' title='bbox 3218 3541 3447 3597; x_wconf 82' lang='lat' dir='ltr'><strong>Crescite</strong></span> <span class='ocrx_word' id='word_1_638' title='bbox 3473 3553 3522 3596; x_wconf 86' lang='lat' dir='ltr'><strong>et</strong></span> <span class='ocrx_word' id='word_1_639' title='bbox 3549 3542 3687 3595; x_wconf 78' lang='lat' dir='ltr'><strong>mul—</strong></span> 
     </span>
    </p>
   </div>
   <div class='ocr_carea' id='block_1_80' title="bbox 2103 3632 3687 3705">
    <p class='ocr_par' dir='ltr' id='par_1_80' title="bbox 2103 3632 3687 3705">
     <span class='ocr_line' id='line_1_80' title="bbox 2103 3632 3687 3705; baseline -0.002 -17"><span class='ocrx_word' id='word_1_640' title='bbox 2103 3635 2459 3705; x_wconf 84' lang='lat' dir='ltr'><strong>tiplicamini,</strong></span> <span class='ocrx_word' id='word_1_641' title='bbox 2503 3637 2599 3703; x_wconf 90' lang='lat' dir='ltr'><strong>qui</strong></span> <span class='ocrx_word' id='word_1_642' title='bbox 2646 3635 2968 3704; x_wconf 88' lang='lat' dir='ltr'><strong>simpliciter</strong></span> <span class='ocrx_word' id='word_1_643' title='bbox 3010 3633 3244 3702; x_wconf 76' lang='lat' dir='ltr'><strong>etjuxta</strong></span> <span class='ocrx_word' id='word_1_644' title='bbox 3277 3632 3511 3686; x_wconf 89' lang='lat' dir='ltr'><strong>litteram</strong></span> <span class='ocrx_word' id='word_1_645' title='bbox 3544 3633 3687 3687; x_wconf 84' lang='lat' dir='ltr'><strong>acci-</strong></span> 
     </span>
    </p>
   </div>
   <div class='ocr_carea' id='block_1_81' title="bbox 2102 3724 3685 3796">
    <p class='ocr_par' dir='ltr' id='par_1_81' title="bbox 2102 3724 3685 3796">
     <span class='ocr_line' id='line_1_81' title="bbox 2102 3724 3685 3796; baseline 0 -16"><span class='ocrx_word' id='word_1_646' title='bbox 2102 3729 2291 3796; x_wconf 88' lang='lat' dir='ltr'><strong>piunt,</strong></span> <span class='ocrx_word' id='word_1_647' title='bbox 2345 3726 2620 3794; x_wconf 87' lang='lat' dir='ltr'><strong>qttomodo</strong></span> <span class='ocrx_word' id='word_1_648' title='bbox 2668 3741 2940 3795; x_wconf 78' lang='lat' dir='ltr'><strong>exponere</strong></span> <span class='ocrx_word' id='word_1_649' title='bbox 2989 3726 3266 3795; x_wconf 81' lang='lat' dir='ltr'><strong>potuerint</strong></span> <span class='ocrx_word' id='word_1_650' title='bbox 3291 3725 3497 3779; x_wconf 88' lang='lat' dir='ltr'><strong>nescio.</strong></span> <span class='ocrx_word' id='word_1_651' title='bbox 3555 3724 3685 3780; x_wconf 83' lang='lat' dir='ltr'><strong>Esto</strong></span> 
     </span>
    </p>
   </div>
   <div class='ocr_carea' id='block_1_82' title="bbox 2100 3815 3684 3884">
    <p class='ocr_par' dir='ltr' id='par_1_82' title="bbox 2100 3815 3684 3884">
     <span class='ocr_line' id='line_1_82' title="bbox 2100 3815 3684 3884; baseline -0.001 -14"><span class='ocrx_word' id='word_1_652' title='bbox 2100 3818 2245 3870; x_wconf 86' lang='lat' dir='ltr'><strong>enim</strong></span> <span class='ocrx_word' id='word_1_653' title='bbox 2277 3816 2709 3884; x_wconf 79' lang='lat' dir='ltr'><strong>multiplicamini</strong></span> <span class='ocrx_word' id='word_1_654' title='bbox 2745 3816 3014 3870; x_wconf 82' lang='lat' dir='ltr'><strong>referatur</strong></span> <span class='ocrx_word' id='word_1_655' title='bbox 3036 3817 3099 3870; x_wconf 88' lang='lat' dir='ltr'><strong>ad</strong></span> <span class='ocrx_word' id='word_1_656' title='bbox 3131 3831 3443 3882; x_wconf 91' lang='lat' dir='ltr'><strong>numerum,</strong></span> <span class='ocrx_word' id='word_1_657' title='bbox 3477 3824 3530 3869; x_wconf 87' lang='lat' dir='ltr'><strong>ct</strong></span> <span class='ocrx_word' id='word_1_658' title='bbox 3554 3815 3684 3870; x_wconf 88' lang='lat' dir='ltr'><strong>dum</strong></span> 
     </span>
    </p>
   </div>
   <div class='ocr_carea' id='block_1_83' title="bbox 2103 3904 3684 3977">
    <p class='ocr_par' dir='ltr' id='par_1_83' title="bbox 2103 3904 3684 3977">
     <span class='ocr_line' id='line_1_83' title="bbox 2103 3904 3684 3977; baseline -0.001 -17"><span class='ocrx_word' id='word_1_659' title='bbox 2103 3909 2287 3976; x_wconf 88' lang='lat' dir='ltr'><strong>plures</strong></span> <span class='ocrx_word' id='word_1_660' title='bbox 2317 3908 2452 3961; x_wconf 87' lang='lat' dir='ltr'><strong>liunt</strong></span> <span class='ocrx_word' id='word_1_661' title='bbox 2494 3922 2657 3977; x_wconf 88' lang='lat' dir='ltr'><strong>quam</strong></span> <span class='ocrx_word' id='word_1_662' title='bbox 2695 3907 2847 3976; x_wconf 85' lang='lat' dir='ltr'><strong>prius</strong></span> <span class='ocrx_word' id='word_1_663' title='bbox 2884 3906 3134 3973; x_wconf 87' lang='lat' dir='ltr'><strong>l&#39;ucraut,</strong></span> <span class='ocrx_word' id='word_1_664' title='bbox 3184 3904 3557 3976; x_wconf 82' lang='lat' dir='ltr'><strong>multiplicatio</strong></span> <span class='ocrx_word' id='word_1_665' title='bbox 3590 3904 3684 3959; x_wconf 76' lang='lat' dir='ltr'><strong>lia-</strong></span> 
     </span>
    </p>
   </div>
   <div class='ocr_carea' id='block_1_84' title="bbox 2104 3994 3680 4067">
    <p class='ocr_par' dir='ltr' id='par_1_84' title="bbox 2104 3994 3680 4067">
     <span class='ocr_line' id='line_1_84' title="bbox 2104 3994 3680 4067; baseline -0.003 -15"><span class='ocrx_word' id='word_1_666' title='bbox 2104 3997 2195 4052; x_wconf 88' lang='lat' dir='ltr'><strong>bet</strong></span> <span class='ocrx_word' id='word_1_667' title='bbox 2243 3998 2423 4052; x_wconf 91' lang='lat' dir='ltr'><strong>locum</strong></span> <span class='ocrx_word' id='word_1_668' title='bbox 2476 4018 2490 4052; x_wconf 89' lang='lat'><strong>:</strong></span> <span class='ocrx_word' id='word_1_669' title='bbox 2548 3999 2653 4053; x_wconf 87' lang='lat' dir='ltr'><strong>hoc</strong></span> <span class='ocrx_word' id='word_1_670' title='bbox 2701 4013 2831 4051; x_wconf 66' lang='lat' dir='ltr'><strong>vero</strong></span> <span class='ocrx_word' id='word_1_671' title='bbox 2876 3996 3024 4066; x_wconf 88' lang='lat' dir='ltr'><strong>quod</strong></span> <span class='ocrx_word' id='word_1_672' title='bbox 3070 3998 3356 4067; x_wconf 85' lang='lat' dir='ltr'><strong>sequitur,</strong></span> <span class='ocrx_word' id='word_1_673' title='bbox 3429 3994 3680 4063; x_wconf 77' lang='lat' dir='ltr'><strong>Crescite,</strong></span> 
     </span>
    </p>
   </div>
   <div class='ocr_carea' id='block_1_85' title="bbox 2086 4265 3681 4339">
    <p class='ocr_par' dir='ltr' id='par_1_85' title="bbox 2086 4265 3681 4339">
     <span class='ocr_line' id='line_1_85' title="bbox 2086 4265 3681 4339; baseline 0.001 -16"><span class='ocrx_word' id='word_1_674' title='bbox 2086 4273 2202 4338; x_wconf 74' lang='grc' dir='ltr'><strong>πρὸ</strong></span> <span class='ocrx_word' id='word_1_675' title='bbox 2251 4270 2581 4339; x_wconf 74' lang='grc' dir='ltr'><strong>προσώπου</strong></span> <span class='ocrx_word' id='word_1_676' title='bbox 2615 4269 2838 4336; x_wconf 78' lang='grc' dir='ltr'><strong>Κυρίου</strong></span> <span class='ocrx_word' id='word_1_677' title='bbox 2880 4266 3190 4336; x_wconf 71' lang='grc' dir='ltr'><strong>ἑτοιμάσαι</strong></span> <span class='ocrx_word' id='word_1_678' title='bbox 3244 4265 3425 4339; x_wconf 63' lang='grc' dir='ltr'><em>ὀδοὺς</em></span> <span class='ocrx_word' id='word_1_679' title='bbox 3469 4269 3681 4325; x_wconf 75' lang='grc' dir='ltr'><strong>αὐτοῦ.</strong></span> 
     </span>
    </p>
   </div>
   <div class='ocr_carea' id='block_1_86' title="bbox 2086 4337 3681 4410">
    <p class='ocr_par' dir='ltr' id='par_1_86' title="bbox 2086 4337 3681 4410">
     <span class='ocr_line' id='line_1_86' title="bbox 2086 4337 3681 4410; baseline -0.002 -15"><span class='ocrx_word' id='word_1_680' title='bbox 2086 4337 2185 4395; x_wconf 75' lang='grc' dir='ltr'><strong>Διὰ</strong></span> <span class='ocrx_word' id='word_1_681' title='bbox 2214 4337 2371 4394; x_wconf 72' lang='grc' dir='ltr'><em>τοῦτο</em></span> <span class='ocrx_word' id='word_1_682' title='bbox 2394 4342 2581 4410; x_wconf 75' lang='grc' dir='ltr'><strong>τάχιον</strong></span> <span class='ocrx_word' id='word_1_683' title='bbox 2610 4339 2762 4410; x_wconf 71' lang='grc' dir='ltr'>αὐτῷ</span> <span class='ocrx_word' id='word_1_684' title='bbox 2792 4340 2821 4391; x_wconf 82' lang='grc' dir='ltr'>ὁ</span> <span class='ocrx_word' id='word_1_685' title='bbox 2852 4341 3035 4408; x_wconf 79' lang='grc' dir='ltr'>πατὴρ</span> <span class='ocrx_word' id='word_1_686' title='bbox 3062 4337 3470 4410; x_wconf 57' lang='grc' dir='ltr'><strong>προεφήτευσεν</strong></span> <span class='ocrx_word' id='word_1_687' title='bbox 3490 4354 3504 4368; x_wconf 78' lang='grc'><strong>’</strong></span> <span class='ocrx_word' id='word_1_688' title='bbox 3529 4341 3681 4410; x_wconf 56' lang='grc' dir='ltr'>ἐπει-</span> 
     </span>
    </p>
   </div>
   <div class='ocr_carea' id='block_1_87' title="bbox 2089 4354 3681 4490">
    <p class='ocr_par' dir='ltr' id='par_1_87' title="bbox 2089 4354 3681 4490">
     <span class='ocr_line' id='line_1_87' title="bbox 2089 4354 3681 4458; baseline -0.002 -63"><span class='ocrx_word' id='word_1_689' title='bbox 2089 4354 2185 4395; x_wconf 64' lang='lat' dir='ltr'><strong>At:</strong></span> <span class='ocrx_word' id='word_1_690' title='bbox 2214 4359 2371 4394; x_wconf 82' lang='grc' dir='ltr'><em>τουτο</em></span> <span class='ocrx_word' id='word_1_691' title='bbox 2394 4354 2581 4410; x_wconf 77' lang='grc' dir='ltr'><strong>ταχιον</strong></span> <span class='ocrx_word' id='word_1_692' title='bbox 2610 4354 2762 4410; x_wconf 66' lang='lat' dir='ltr'><strong>aii-up</strong></span> <span class='ocrx_word' id='word_1_693' title='bbox 2792 4354 2821 4391; x_wconf 88' lang='grc' dir='ltr'><strong>ο</strong></span> <span class='ocrx_word' id='word_1_694' title='bbox 2852 4355 3035 4408; x_wconf 79' lang='grc' dir='ltr'>πατηρ</span> <span class='ocrx_word' id='word_1_695' title='bbox 3062 4354 3470 4458; x_wconf 49' lang='grc' dir='ltr'><strong>προεῗητευσεν</strong></span> <span class='ocrx_word' id='word_1_696' title='bbox 3490 4354 3504 4368; x_wconf 70' lang='grc'><strong>⁸</strong></span> <span class='ocrx_word' id='word_1_697' title='bbox 3529 4356 3681 4392; x_wconf 74' lang='grc' dir='ltr'>επει-</span> 
     </span>
     <span class='ocr_line' id='line_1_88' title="bbox 2089 4407 3681 4490; baseline 0.001 -30"><span class='ocrx_word' id='word_1_698' title='bbox 2089 4412 2264 4490; x_wconf 62' lang='grc' dir='ltr'><strong>ξὴπερ</strong></span> <span class='ocrx_word' id='word_1_699' title='bbox 2299 4412 2413 4490; x_wconf 49' lang='lat' dir='ltr'><strong>ﬁsci</strong></span> <span class='ocrx_word' id='word_1_700' title='bbox 2458 4411 2533 4474; x_wconf 79' lang='grc' dir='ltr'><strong>ὼς</strong></span> <span class='ocrx_word' id='word_1_701' title='bbox 2568 4413 2855 4490; x_wconf 50' lang='grc' dir='ltr'><strong>προφήτης</strong></span> <span class='ocrx_word' id='word_1_702' title='bbox 2892 4410 2974 4461; x_wconf 80' lang='grc' dir='ltr'><strong>ὅτι</strong></span> <span class='ocrx_word' id='word_1_703' title='bbox 3020 4407 3136 4490; x_wconf 47' lang='grc' dir='ltr'>μετ’</span> <span class='ocrx_word' id='word_1_704' title='bbox 3180 4407 3207 4457; x_wconf 76' lang='grc' dir='ltr'><strong>ὁ</strong></span> <span class='ocrx_word' id='word_1_705' title='bbox 3247 4408 3466 4490; x_wconf 29' lang='grc' dir='ltr'><strong>ίγονςρὺ.</strong></span> <span class='ocrx_word' id='word_1_706' title='bbox 3497 4408 3681 4490; x_wconf 54' lang='grc' dir='ltr'><strong>μέλλει</strong></span> 
     </span>
    </p>
   </div>
   <div class='ocr_carea' id='block_1_88' title="bbox 2094 4475 3680 4550">
    <p class='ocr_par' dir='ltr' id='par_1_88' title="bbox 2094 4475 3680 4550">
     <span class='ocr_line' id='line_1_89' title="bbox 2094 4475 3680 4550; baseline -0.001 -18"><span class='ocrx_word' id='word_1_707' title='bbox 2094 4475 2243 4550; x_wconf 49' lang='grc' dir='ltr'>ἕλξιν</span> <span class='ocrx_word' id='word_1_708' title='bbox 2270 4475 2432 4535; x_wconf 65' lang='lat' dir='ltr'><strong>aiith</strong></span> <span class='ocrx_word' id='word_1_709' title='bbox 2477 4475 2624 4549; x_wconf 59' lang='lat' dir='ltr'><strong>step&quot;</strong></span> <span class='ocrx_word' id='word_1_710' title='bbox 2659 4475 2836 4550; x_wconf 50' lang='lat' dir='ltr'><strong>ista?)</strong></span> <span class='ocrx_word' id='word_1_711' title='bbox 2879 4475 3244 4550; x_wconf 47' lang='lat' dir='ltr'><strong>spapbusvov,</strong></span> <span class='ocrx_word' id='word_1_712' title='bbox 3292 4475 3406 4529; x_wconf 83' lang='grc' dir='ltr'><strong>ἀλλ’</strong></span> <span class='ocrx_word' id='word_1_713' title='bbox 3449 4475 3680 4550; x_wconf 6' lang='lat' dir='ltr'><strong>sicut;</strong></span> 
     </span>
    </p>
   </div>
   <div class='ocr_carea' id='block_1_89' title="bbox 417 4540 1992 4621">
    <p class='ocr_par' dir='ltr' id='par_1_89' title="bbox 417 4540 1988 4621">
     <span class='ocr_line' id='line_1_90' title="bbox 417 4540 1988 4621; baseline -0.001 -20"><span class='ocrx_word' id='word_1_714' title='bbox 417 4540 602 4616; x_wconf 76' lang='lat' dir='ltr'><strong>Neque</strong></span> <span class='ocrx_word' id='word_1_715' title='bbox 623 4548 762 4621; x_wconf 80' lang='lat' dir='ltr'><strong>enim</strong></span> <span class='ocrx_word' id='word_1_716' title='bbox 783 4546 1012 4621; x_wconf 68' lang='lat' dir='ltr'><strong>hostium</strong></span> <span class='ocrx_word' id='word_1_717' title='bbox 1034 4545 1257 4621; x_wconf 70' lang='lat' dir='ltr'><strong>insidias</strong></span> <span class='ocrx_word' id='word_1_718' title='bbox 1288 4544 1575 4621; x_wconf 74' lang='lat' dir='ltr'><strong>sensimus,</strong></span> <span class='ocrx_word' id='word_1_719' title='bbox 1604 4547 1693 4598; x_wconf 87' lang='lat' dir='ltr'><strong>scd</strong></span> <span class='ocrx_word' id='word_1_720' title='bbox 1709 4547 1988 4621; x_wconf 72' lang='lat' dir='ltr'><strong>derepente</strong></span> 
     </span>
    </p>
   </div>
   <div class='ocr_carea' id='block_1_90' title="bbox 2097 4540 3677 4621">
    <p class='ocr_par' dir='ltr' id='par_1_90' title="bbox 2097 4540 3677 4621">
     <span class='ocr_line' id='line_1_91' title="bbox 2097 4540 3677 4621; baseline -0.003 -17"><span class='ocrx_word' id='word_1_721' title='bbox 2097 4540 2194 4621; x_wconf 58' lang='grc' dir='ltr'>ἐξῆ</span> <span class='ocrx_word' id='word_1_722' title='bbox 2204 4568 2324 4621; x_wconf 85' lang='grc' dir='ltr'>μοις</span> <span class='ocrx_word' id='word_1_723' title='bbox 2351 4540 2717 4621; x_wconf 23' lang='grc' dir='ltr'><strong>διαιτώμενον..</strong></span> <span class='ocrx_word' id='word_1_724' title='bbox 2844 4540 2953 4618; x_wconf 60' lang='grc' dir='ltr'><strong>γὰρ</strong></span> <span class='ocrx_word' id='word_1_725' title='bbox 2980 4540 3276 4621; x_wconf 20' lang='grc' dir='ltr'><strong>έταίῥίονῄὲν</strong></span> <span class='ocrx_word' id='word_1_726' title='bbox 3306 4540 3677 4621; x_wconf 14' lang='grc' dir='ltr'><strong>ῖαῖςᾼξρήμο-ιξ</strong></span> 
     </span>
    </p>
   </div>
   <div class='ocr_carea' id='block_1_91' title="bbox 414 4614 1990 4684">
    <p class='ocr_par' dir='ltr' id='par_1_91' title="bbox 414 4614 1990 4684">
     <span class='ocr_line' id='line_1_92' title="bbox 414 4614 1990 4684; baseline 0.001 -15"><span class='ocrx_word' id='word_1_727' title='bbox 414 4614 523 4670; x_wconf 78' lang='lat' dir='ltr'><strong>nos</strong></span> <span class='ocrx_word' id='word_1_728' title='bbox 559 4617 767 4683; x_wconf 87' lang='lat' dir='ltr'><strong>rapuit,</strong></span> <span class='ocrx_word' id='word_1_729' title='bbox 813 4615 878 4668; x_wconf 87' lang='lat' dir='ltr'><strong>ab</strong></span> <span class='ocrx_word' id='word_1_730' title='bbox 914 4614 1024 4667; x_wconf 89' lang='lat' dir='ltr'><strong>illis</strong></span> <span class='ocrx_word' id='word_1_731' title='bbox 1069 4616 1389 4684; x_wconf 77' lang='lat' dir='ltr'><strong>transferens</strong></span> <span class='ocrx_word' id='word_1_732' title='bbox 1431 4615 1499 4667; x_wconf 89' lang='lat' dir='ltr'><strong>ad</strong></span> <span class='ocrx_word' id='word_1_733' title='bbox 1545 4616 1905 4669; x_wconf 74' lang='lat' dir='ltr'><strong>[nereditatem</strong></span> <span class='ocrx_word' id='word_1_734' title='bbox 1941 4626 1990 4670; x_wconf 88' lang='lat' dir='ltr'><strong>et</strong></span> 
     </span>
    </p>
   </div>
   <div class='ocr_carea' id='block_1_92' title="bbox 414 4684 1995 4756">
    <p class='ocr_par' dir='ltr' id='par_1_92' title="bbox 414 4684 1995 4756">
     <span class='ocr_line' id='line_1_93' title="bbox 414 4684 1995 4756; baseline 0.001 -19"><span class='ocrx_word' id='word_1_735' title='bbox 414 4696 617 4756; x_wconf 83' lang='lat' dir='ltr'><strong>partem</strong></span> <span class='ocrx_word' id='word_1_736' title='bbox 650 4701 821 4756; x_wconf 85' lang='lat' dir='ltr'><strong>suam.</strong></span> <span class='ocrx_word' id='word_1_737' title='bbox 867 4684 1198 4756; x_wconf 81' lang='lat' dir='ltr'><strong>Quapropter</strong></span> <span class='ocrx_word' id='word_1_738' title='bbox 1228 4695 1276 4738; x_wconf 91' lang='lat' dir='ltr'><strong>et</strong></span> <span class='ocrx_word' id='word_1_739' title='bbox 1308 4701 1399 4756; x_wconf 88' lang='lat' dir='ltr'><strong>nos</strong></span> <span class='ocrx_word' id='word_1_740' title='bbox 1427 4684 1670 4738; x_wconf 72' lang='lat' dir='ltr'><strong>debemus</strong></span> <span class='ocrx_word' id='word_1_741' title='bbox 1707 4686 1756 4737; x_wconf 85' lang='lat' dir='ltr'><strong>ei</strong></span> <span class='ocrx_word' id='word_1_742' title='bbox 1802 4689 1995 4739; x_wconf 86' lang='lat' dir='ltr'><strong>servire</strong></span> 
     </span>
    </p>
   </div>
   <div class='ocr_carea' id='block_1_93' title="bbox 414 4754 1995 4826">
    <p class='ocr_par' dir='ltr' id='par_1_93' title="bbox 414 4754 1995 4826">
     <span class='ocr_line' id='line_1_94' title="bbox 414 4754 1995 4826; baseline 0 -18"><span class='ocrx_word' id='word_1_743' title='bbox 414 4754 471 4809; x_wconf 81' lang='lat' dir='ltr'><strong>in</strong></span> <span class='ocrx_word' id='word_1_744' title='bbox 516 4755 796 4809; x_wconf 86' lang='lat' dir='ltr'><strong>sanctitate</strong></span> <span class='ocrx_word' id='word_1_745' title='bbox 828 4765 876 4807; x_wconf 91' lang='lat' dir='ltr'><strong>et</strong></span> <span class='ocrx_word' id='word_1_746' title='bbox 909 4754 1125 4823; x_wconf 83' lang='lat' dir='ltr'><strong>jttslitia</strong></span> <span class='ocrx_word' id='word_1_747' title='bbox 1166 4772 1186 4811; x_wconf 91' lang='lat'><strong><em>:</em></strong></span> <span class='ocrx_word' id='word_1_748' title='bbox 1221 4755 1360 4826; x_wconf 87' lang='lat' dir='ltr'><strong>quod</strong></span> <span class='ocrx_word' id='word_1_749' title='bbox 1406 4771 1507 4826; x_wconf 83' lang='lat' dir='ltr'><strong>non</strong></span> <span class='ocrx_word' id='word_1_750' title='bbox 1553 4756 1612 4822; x_wconf 82' lang='lat' dir='ltr'><strong>[it</strong></span> <span class='ocrx_word' id='word_1_751' title='bbox 1638 4765 1862 4826; x_wconf 83' lang='lat' dir='ltr'><strong>tantum</strong></span> <span class='ocrx_word' id='word_1_752' title='bbox 1903 4772 1995 4823; x_wconf 67' lang='lat' dir='ltr'><strong>per</strong></span> 
     </span>
    </p>
   </div>
   <div class='ocr_carea' id='block_1_94' title="bbox 414 4823 1989 4951">
    <p class='ocr_par' dir='ltr' id='par_1_94' title="bbox 414 4823 1989 4951">
     <span class='ocr_line' id='line_1_95' title="bbox 414 4823 1989 4951; baseline 0.001 -73"><span class='ocrx_word' id='word_1_753' title='bbox 414 4826 628 4951; x_wconf 49' lang='lat' dir='ltr'><strong>ﬁliquod</strong></span> <span class='ocrx_word' id='word_1_754' title='bbox 671 4836 907 4893; x_wconf 84' lang='lat' dir='ltr'><strong>tempus,</strong></span> <span class='ocrx_word' id='word_1_755' title='bbox 956 4829 1045 4879; x_wconf 82' lang='lat' dir='ltr'><strong>sed</strong></span> <span class='ocrx_word' id='word_1_756' title='bbox 1092 4823 1334 4879; x_wconf 87' lang='lat' dir='ltr'><strong>omnibus</strong></span> <span class='ocrx_word' id='word_1_757' title='bbox 1378 4823 1561 4877; x_wconf 85' lang='lat' dir='ltr'><strong>diebus</strong></span> <span class='ocrx_word' id='word_1_758' title='bbox 1598 4825 1719 4878; x_wconf 81' lang='lat' dir='ltr'><strong>vita:</strong></span> <span class='ocrx_word' id='word_1_759' title='bbox 1774 4837 1989 4880; x_wconf 63' lang='lat' dir='ltr'><strong>nostras.</strong></span> 
     </span>
     <span class='ocr_line' id='line_1_96' title="bbox 468 4912 636 4950; baseline -0.012 0"><span class='ocrx_word' id='word_1_760' title='bbox 468 4912 636 4950; x_wconf 67' lang='lat' dir='ltr'><strong>usus.</strong></span> 
     </span>
    </p>
   </div>
   <div class='ocr_carea' id='block_1_95' title="bbox 468 4912 636 4950">
    <p class='ocr_par' dir='ltr' id='par_1_95' title="bbox 468 4912 636 4950">
     <span class='ocr_line' id='line_1_97' title="bbox 468 4912 636 4950; baseline -0.012 0"><span class='ocrx_word' id='word_1_761' title='bbox 468 4912 636 4950; x_wconf 69' lang='lat' dir='ltr'><strong>UJ&#39;ZUS.</strong></span> 
     </span>
    </p>
   </div>
   <div class='ocr_carea' id='block_1_96' title="bbox 389 4962 1988 5036">
    <p class='ocr_par' dir='ltr' id='par_1_96' title="bbox 389 4962 1988 5036">
     <span class='ocr_line' id='line_1_98' title="bbox 389 4962 1988 5036; baseline -0.001 -17"><span class='ocrx_word' id='word_1_762' title='bbox 389 5000 400 5024; x_wconf 85' lang='lat'><strong>.</strong></span> <span class='ocrx_word' id='word_1_763' title='bbox 491 4968 601 5036; x_wconf 79' lang='lat'><strong>(.30)</strong></span> <span class='ocrx_word' id='word_1_764' title='bbox 645 4963 854 5017; x_wconf 69' lang='lat' dir='ltr'><strong>Eaedem</strong></span> <span class='ocrx_word' id='word_1_765' title='bbox 889 4965 1102 5036; x_wconf 56' lang='lat' dir='ltr'><strong>schedio</strong></span> <span class='ocrx_word' id='word_1_766' title='bbox 1135 4963 1340 5030; x_wconf 87' lang='lat' dir='ltr'><strong>Grabii,</strong></span> <span class='ocrx_word' id='word_1_767' title='bbox 1367 4972 1420 5016; x_wconf 82' lang='lat' dir='ltr'><strong>et</strong></span> <span class='ocrx_word' id='word_1_768' title='bbox 1450 4962 1720 5036; x_wconf 80' lang='lat' dir='ltr'><strong>Macarius</strong></span> <span class='ocrx_word' id='word_1_769' title='bbox 1750 4963 1988 5036; x_wconf 77' lang='lat' dir='ltr'><strong>Chryso-</strong></span> 
     </span>
    </p>
   </div>
   <div class='ocr_carea' id='block_1_97' title="bbox 386 5032 1993 5105">
    <p class='ocr_par' dir='ltr' id='par_1_97' title="bbox 386 5032 1993 5105">
     <span class='ocr_line' id='line_1_99' title="bbox 386 5032 1993 5105; baseline -0.001 -14"><span class='ocrx_word' id='word_1_770' title='bbox 386 5032 679 5105; x_wconf 65' lang='lat' dir='ltr'><strong>scepbalns</strong></span> <span class='ocrx_word' id='word_1_771' title='bbox 725 5050 830 5105; x_wconf 86' lang='lat' dir='ltr'><strong>tus.</strong></span> <span class='ocrx_word' id='word_1_772' title='bbox 868 5047 1006 5088; x_wconf 79' lang='lat' dir='ltr'><strong>orat.</strong></span> <span class='ocrx_word' id='word_1_773' title='bbox 1065 5035 1329 5105; x_wconf 81' lang='lat' dir='ltr'><strong>inortum</strong></span> <span class='ocrx_word' id='word_1_774' title='bbox 1372 5033 1543 5087; x_wconf 85' lang='lat' dir='ltr'><strong>sancti</strong></span> <span class='ocrx_word' id='word_1_775' title='bbox 1566 5032 1833 5105; x_wconf 61' lang='lat' dir='ltr'><strong>Joannis,</strong></span> <span class='ocrx_word' id='word_1_776' title='bbox 1866 5032 1993 5090; x_wconf 64' lang='lat' dir='ltr'><strong>lucc</strong></span> 
     </span>
    </p>
   </div>
   <div class='ocr_carea' id='block_1_98' title="bbox 385 5102 1989 5193">
    <p class='ocr_par' dir='ltr' id='par_1_98' title="bbox 385 5102 1989 5193">
     <span class='ocr_line' id='line_1_100' title="bbox 385 5102 1989 5193; baseline -0.002 -32"><span class='ocrx_word' id='word_1_777' title='bbox 385 5102 667 5193; x_wconf 48' lang='lat' dir='ltr'><strong>‘Orlgrnis</strong></span> <span class='ocrx_word' id='word_1_778' title='bbox 698 5104 916 5193; x_wconf 40' lang='lat' dir='ltr'><strong>[ululatii</strong></span> <span class='ocrx_word' id='word_1_779' title='bbox 950 5122 964 5157; x_wconf 88' lang='lat'><strong>:</strong></span> <span class='ocrx_word' id='word_1_780' title='bbox 1008 5102 1309 5193; x_wconf 51' lang='grc' dir='ltr'><strong>Ἀἶῡθξσως</strong></span> <span class='ocrx_word' id='word_1_781' title='bbox 1351 5102 1607 5193; x_wconf 41' lang='lat' dir='ltr'><strong>zzz-29:31:63</strong></span> <span class='ocrx_word' id='word_1_782' title='bbox 1638 5106 1755 5188; x_wconf 55' lang='lat' dir='ltr'><strong>est:</strong></span> <span class='ocrx_word' id='word_1_783' title='bbox 1782 5105 1868 5189; x_wconf 53' lang='grc' dir='ltr'><strong>δῷ</strong></span> <span class='ocrx_word' id='word_1_784' title='bbox 1916 5106 1989 5177; x_wconf 82' lang='grc' dir='ltr'>μὴ</span> 
     </span>
    </p>
   </div>
   <div class='ocr_carea' id='block_1_99' title="bbox 419 5168 1987 5256">
    <p class='ocr_par' dir='ltr' id='par_1_99' title="bbox 419 5168 1987 5256">
     <span class='ocr_line' id='line_1_101' title="bbox 419 5168 1987 5256; baseline -0.003 -25"><span class='ocrx_word' id='word_1_785' title='bbox 419 5168 809 5256; x_wconf 42' lang='grc' dir='ltr'><strong>νοοῦντι.πῇιᾶ</strong></span> <span class='ocrx_word' id='word_1_786' title='bbox 837 5172 1015 5256; x_wconf 53' lang='grc' dir='ltr'>λέγειν</span> <span class='ocrx_word' id='word_1_787' title='bbox 1038 5174 1131 5256; x_wconf 67' lang='grc' dir='ltr'><strong>τὸν</strong></span> <span class='ocrx_word' id='word_1_788' title='bbox 1158 5168 1463 5256; x_wconf 76' lang='grc' dir='ltr'><strong>Ζςιχαρίαν·</strong></span> <span class='ocrx_word' id='word_1_789' title='bbox 1493 5173 1602 5251; x_wconf 60' lang='lat' dir='ltr'><strong>Ra}</strong></span> <span class='ocrx_word' id='word_1_790' title='bbox 1635 5173 1737 5256; x_wconf 61' lang='grc' dir='ltr'><strong>οὺ,</strong></span> <span class='ocrx_word' id='word_1_791' title='bbox 1767 5168 1814 5227; x_wconf 86' lang='grc' dir='ltr'><strong>ὦ</strong></span> <span class='ocrx_word' id='word_1_792' title='bbox 1840 5168 1987 5256; x_wconf 58' lang='grc' dir='ltr'><strong>’πάιξ</strong></span> 
     </span>
    </p>
   </div>
   <div class='ocr_carea' id='block_1_100' title="bbox 418 5241 1989 5317">
    <p class='ocr_par' dir='ltr' id='par_1_100' title="bbox 418 5241 1989 5317">
     <span class='ocr_line' id='line_1_102' title="bbox 418 5241 1989 5317; baseline -0.002 -17"><span class='ocrx_word' id='word_1_793' title='bbox 418 5247 570 5317; x_wconf 62' lang='grc' dir='ltr'><em>δέον.</em></span> <span class='ocrx_word' id='word_1_794' title='bbox 596 5247 660 5317; x_wconf 81' lang='grc' dir='ltr'><strong>Τί</strong></span> <span class='ocrx_word' id='word_1_795' title='bbox 685 5246 889 5317; x_wconf 54' lang='lat' dir='ltr'><strong>Squere</strong></span> <span class='ocrx_word' id='word_1_796' title='bbox 918 5243 994 5306; x_wconf 81' lang='grc' dir='ltr'><strong>ὡς</strong></span> <span class='ocrx_word' id='word_1_797' title='bbox 1023 5242 1159 5317; x_wconf 63' lang='grc' dir='ltr'><strong>πρὸς</strong></span> <span class='ocrx_word' id='word_1_798' title='bbox 1191 5241 1456 5317; x_wconf 53' lang='lat' dir='ltr'><strong>dubietate</strong></span> <span class='ocrx_word' id='word_1_799' title='bbox 1485 5241 1822 5317; x_wconf 29' lang='grc' dir='ltr'><strong>ταῦτά-φηςι</strong></span> <span class='ocrx_word' id='word_1_800' title='bbox 1843 5243 1989 5317; x_wconf 15' lang='grc' dir='ltr'><strong>;γχρὴ</strong></span> 
     </span>
    </p>
   </div>
   <div class='ocr_carea' id='block_1_101' title="bbox 417 5313 1990 5385">
    <p class='ocr_par' dir='ltr' id='par_1_101' title="bbox 417 5313 1990 5385">
     <span class='ocr_line' id='line_1_103' title="bbox 417 5313 1990 5385; baseline -0.003 -15"><span class='ocrx_word' id='word_1_801' title='bbox 417 5314 511 5370; x_wconf 77' lang='grc' dir='ltr'>οὖν</span> <span class='ocrx_word' id='word_1_802' title='bbox 533 5313 840 5376; x_wconf 66' lang='grc' dir='ltr'><strong>ὑπολαϐεῖν,</strong></span> <span class='ocrx_word' id='word_1_803' title='bbox 864 5314 945 5385; x_wconf 63' lang='grc' dir='ltr'><strong>ὃῖι</strong></span> <span class='ocrx_word' id='word_1_804' title='bbox 969 5314 1041 5385; x_wconf 71' lang='grc' dir='ltr'><strong>μή</strong></span> <span class='ocrx_word' id='word_1_805' title='bbox 1052 5313 1175 5367; x_wconf 63' lang='lat' dir='ltr'><strong>me</strong></span> <span class='ocrx_word' id='word_1_806' title='bbox 1204 5315 1311 5385; x_wconf 84' lang='grc' dir='ltr'><strong>ἄρα</strong></span> <span class='ocrx_word' id='word_1_807' title='bbox 1336 5313 1484 5366; x_wconf 79' lang='grc' dir='ltr'><strong>ὥσπε</strong></span> <span class='ocrx_word' id='word_1_808' title='bbox 1494 5313 1844 5385; x_wconf 34' lang='grc' dir='ltr'><strong>ρηπαράδοξον</strong></span> <span class='ocrx_word' id='word_1_809' title='bbox 1864 5313 1990 5385; x_wconf 71' lang='grc' dir='ltr'><strong>ἕετχέ</strong></span> 
     </span>
    </p>
   </div>
   <div class='ocr_carea' id='block_1_102' title="bbox 417 5382 1990 5457">
    <p class='ocr_par' dir='ltr' id='par_1_102' title="bbox 417 5382 1990 5457">
     <span class='ocr_line' id='line_1_104' title="bbox 417 5382 1990 5457; baseline -0.003 -18"><span class='ocrx_word' id='word_1_810' title='bbox 417 5387 516 5457; x_wconf 82' lang='grc' dir='ltr'>τὴν</span> <span class='ocrx_word' id='word_1_811' title='bbox 538 5385 847 5457; x_wconf 56' lang='grc' dir='ltr'>γέννησινλὸ</span> <span class='ocrx_word' id='word_1_812' title='bbox 882 5382 1268 5457; x_wconf 36' lang='grc' dir='ltr'><strong>Ἰωάννηςκὸιαςξ</strong></span> <span class='ocrx_word' id='word_1_813' title='bbox 1291 5382 1990 5457; x_wconf 32' lang='grc' dir='ltr'><strong>ἀρχᾳγγέλυυλκηρύξαντος</strong></span> 
     </span>
    </p>
   </div>
   <div class='ocr_carea' id='block_1_103' title="bbox 416 5453 1989 5524">
    <p class='ocr_par' dir='ltr' id='par_1_103' title="bbox 416 5453 1989 5524">
     <span class='ocr_line' id='line_1_105' title="bbox 416 5453 1989 5524; baseline -0.002 -16"><span class='ocrx_word' id='word_1_814' title='bbox 416 5453 583 5524; x_wconf 65' lang='grc' dir='ltr'><strong>αὑτοῦ</strong></span> <span class='ocrx_word' id='word_1_815' title='bbox 612 5453 711 5524; x_wconf 79' lang='grc' dir='ltr'><strong>τὴν</strong></span> <span class='ocrx_word' id='word_1_816' title='bbox 750 5453 1001 5523; x_wconf 80' lang='grc' dir='ltr'>γέννησιν</span> <span class='ocrx_word' id='word_1_817' title='bbox 1017 5494 1042 5524; x_wconf 14' lang='grc' dir='ltr'><strong>γ,</strong></span> <span class='ocrx_word' id='word_1_818' title='bbox 1088 5455 1184 5507; x_wconf 72' lang='grc' dir='ltr'><strong>καὶ</strong></span> <span class='ocrx_word' id='word_1_819' title='bbox 1233 5453 1460 5522; x_wconf 44' lang='lat' dir='ltr'><strong>suae;</strong></span> <span class='ocrx_word' id='word_1_820' title='bbox 1501 5453 1899 5524; x_wconf 50' lang='lat' dir='ltr'><strong>hiaplxpsza</strong></span> <span class='ocrx_word' id='word_1_821' title='bbox 1928 5456 1989 5505; x_wconf 78' lang='grc' dir='ltr'><strong>τὸ</strong></span> 
     </span>
    </p>
   </div>
   <div class='ocr_carea' id='block_1_104' title="bbox 417 5523 1985 5606">
    <p class='ocr_par' dir='ltr' id='par_1_104' title="bbox 417 5523 1985 5606">
     <span class='ocr_line' id='line_1_106' title="bbox 417 5523 1985 5606; baseline -0.003 -27"><span class='ocrx_word' id='word_1_822' title='bbox 417 5523 796 5606; x_wconf 43' lang='grc' dir='ltr'>συγειξηῖένῆι</span> <span class='ocrx_word' id='word_1_823' title='bbox 826 5524 918 5576; x_wconf 83' lang='grc' dir='ltr'><strong>τὸν</strong></span> <span class='ocrx_word' id='word_1_824' title='bbox 946 5523 1149 5606; x_wconf 55' lang='grc' dir='ltr'><strong>Κύριον</strong></span> <span class='ocrx_word' id='word_1_825' title='bbox 1172 5524 1560 5606; x_wconf 49' lang='grc' dir='ltr'><strong>συξπαρούῃς</strong></span> <span class='ocrx_word' id='word_1_826' title='bbox 1587 5524 1653 5593; x_wconf 76' lang='grc' dir='ltr'><strong>τῇ</strong></span> <span class='ocrx_word' id='word_1_827' title='bbox 1672 5523 1985 5606; x_wconf 33' lang='grc' dir='ltr'><strong>ἓιξλισάϐες,</strong></span> 
     </span>
    </p>
   </div>
   <div class='ocr_carea' id='block_1_105' title="bbox 418 5590 1988 5665">
    <p class='ocr_par' dir='ltr' id='par_1_105' title="bbox 418 5590 1988 5665">
     <span class='ocr_line' id='line_1_107' title="bbox 418 5590 1988 5665; baseline -0.002 -17"><span class='ocrx_word' id='word_1_828' title='bbox 418 5596 516 5665; x_wconf 62' lang='grc' dir='ltr'><strong>καὶ</strong></span> <span class='ocrx_word' id='word_1_829' title='bbox 540 5590 688 5665; x_wconf 57' lang='lat' dir='ltr'><strong>asa;</strong></span> <span class='ocrx_word' id='word_1_830' title='bbox 718 5593 818 5665; x_wconf 69' lang='grc' dir='ltr'><strong>ἤδη</strong></span> <span class='ocrx_word' id='word_1_831' title='bbox 845 5590 1193 5664; x_wconf 62' lang='grc' dir='ltr'><strong>γεννωμένῳ,</strong></span> <span class='ocrx_word' id='word_1_832' title='bbox 1216 5590 1482 5665; x_wconf 51' lang='grc' dir='ltr'><strong>οὕτωκαὶ</strong></span> <span class='ocrx_word' id='word_1_833' title='bbox 1506 5590 1782 5665; x_wconf 56' lang='grc' dir='ltr'><strong>γεννήοξὶς</strong></span> <span class='ocrx_word' id='word_1_834' title='bbox 1805 5592 1988 5665; x_wconf 72' lang='grc' dir='ltr'>παρά-</span> 
     </span>
    </p>
   </div>
   <div class='ocr_carea' id='block_1_106' title="bbox 416 5661 1987 5736">
    <p class='ocr_par' dir='ltr' id='par_1_106' title="bbox 416 5661 1987 5736">
     <span class='ocr_line' id='line_1_108' title="bbox 416 5661 1987 5736; baseline -0.017 -6"><span class='ocrx_word' id='word_1_835' title='bbox 416 5664 569 5729; x_wconf 77' lang='grc' dir='ltr'>δοξον</span> <span class='ocrx_word' id='word_1_836' title='bbox 597 5661 697 5736; x_wconf 71' lang='grc' dir='ltr'><strong>ἤδη</strong></span> <span class='ocrx_word' id='word_1_837' title='bbox 732 5661 827 5717; x_wconf 65' lang='grc' dir='ltr'><strong>καὶ</strong></span> <span class='ocrx_word' id='word_1_838' title='bbox 856 5661 957 5736; x_wconf 60' lang='grc' dir='ltr'><strong>τὴν</strong></span> <span class='ocrx_word' id='word_1_839' title='bbox 999 5661 1466 5736; x_wconf 65' lang='grc' dir='ltr'><strong>τέαράκολούθῃσιν</strong></span> <span class='ocrx_word' id='word_1_840' title='bbox 1499 5663 1611 5736; x_wconf 63' lang='grc' dir='ltr'>ἔχει</span> <span class='ocrx_word' id='word_1_841' title='bbox 1656 5661 1759 5736; x_wconf 71' lang='grc' dir='ltr'><strong>τῆς</strong></span> <span class='ocrx_word' id='word_1_842' title='bbox 1798 5661 1987 5736; x_wconf 51' lang='lat' dir='ltr'><strong>alget)-</strong></span> 
     </span>
    </p>
   </div>
   <div class='ocr_carea' id='block_1_107' title="bbox 421 5730 1982 5805">
    <p class='ocr_par' dir='ltr' id='par_1_107' title="bbox 421 5730 1982 5805">
     <span class='ocr_line' id='line_1_109' title="bbox 421 5730 1982 5805; baseline -0.004 -18"><span class='ocrx_word' id='word_1_843' title='bbox 421 5751 579 5805; x_wconf 73' lang='grc' dir='ltr'><strong>σεως.</strong></span> <span class='ocrx_word' id='word_1_844' title='bbox 615 5730 724 5789; x_wconf 67' lang='lat' dir='ltr'><strong>tua</strong></span> <span class='ocrx_word' id='word_1_845' title='bbox 754 5730 1174 5805; x_wconf 42' lang='lat' dir='ltr'><strong>éaxlpaqcsvﬁv</strong></span> <span class='ocrx_word' id='word_1_846' title='bbox 1212 5730 1529 5805; x_wconf 67' lang='grc' dir='ltr'><strong>ἀγαλλιάσει</strong></span> <span class='ocrx_word' id='word_1_847' title='bbox 1573 5735 1631 5785; x_wconf 83' lang='grc' dir='ltr'>ὲν</span> <span class='ocrx_word' id='word_1_848' title='bbox 1671 5730 1982 5805; x_wconf 21' lang='grc' dir='ltr'><strong>τῇμκοιλίξί,</strong></span> 
     </span>
    </p>
   </div>
   <div class='ocr_carea' id='block_1_108' title="bbox 417 5800 1984 5877">
    <p class='ocr_par' dir='ltr' id='par_1_108' title="bbox 417 5800 1984 5877">
     <span class='ocr_line' id='line_1_110' title="bbox 417 5800 1984 5877; baseline -0.001 -19"><span class='ocrx_word' id='word_1_849' title='bbox 417 5804 494 5869; x_wconf 71' lang='grc' dir='ltr'><strong>ὡς</strong></span> <span class='ocrx_word' id='word_1_850' title='bbox 526 5806 739 5877; x_wconf 64' lang='grc' dir='ltr'><strong>ἐγένετο</strong></span> <span class='ocrx_word' id='word_1_851' title='bbox 768 5808 800 5871; x_wconf 87' lang='grc' dir='ltr'>ή</span> <span class='ocrx_word' id='word_1_852' title='bbox 835 5800 984 5871; x_wconf 53' lang='lat' dir='ltr'><strong>eum</strong></span> <span class='ocrx_word' id='word_1_853' title='bbox 1014 5800 1107 5857; x_wconf 79' lang='grc' dir='ltr'><strong>τοῦ</strong></span> <span class='ocrx_word' id='word_1_854' title='bbox 1136 5800 1445 5873; x_wconf 68' lang='grc' dir='ltr'><strong>ἁσπὰσμοῦ.</strong></span> <span class='ocrx_word' id='word_1_855' title='bbox 1471 5800 1854 5875; x_wconf 63' lang='grc' dir='ltr'><strong>ΙΙροςτορεύσῃ</strong></span> <span class='ocrx_word' id='word_1_856' title='bbox 1876 5800 1984 5872; x_wconf 74' lang='grc' dir='ltr'><strong>γὰρ</strong></span> 
     </span>
    </p>
   </div>
   <div class='ocr_carea' id='block_1_109' title="bbox 2094 4616 3670 4692">
    <p class='ocr_par' dir='ltr' id='par_1_109' title="bbox 2094 4616 3670 4692">
     <span class='ocr_line' id='line_1_111' title="bbox 2094 4616 3670 4692; baseline -0.019 5"><span class='ocrx_word' id='word_1_857' title='bbox 2094 4616 2163 4692; x_wconf 17' lang='lat' dir='ltr'><strong>ﬁt&quot;</strong></span> <span class='ocrx_word' id='word_1_858' title='bbox 2182 4616 2325 4685; x_wconf 38' lang='lat' dir='ltr'><strong>i&#39;g‘”;</strong></span> <span class='ocrx_word' id='word_1_859' title='bbox 2351 4616 2562 4691; x_wconf 59' lang='grc' dir='ltr'><strong>ἡμέραξ</strong></span> <span class='ocrx_word' id='word_1_860' title='bbox 2588 4618 2907 4692; x_wconf 66' lang='grc' dir='ltr'><strong>ἀναδείξεωξ</strong></span> <span class='ocrx_word' id='word_1_861' title='bbox 2922 4616 3099 4692; x_wconf 16' lang='grc' dir='ltr'><strong>θαύτοῦ</strong></span> <span class='ocrx_word' id='word_1_862' title='bbox 3126 4616 3262 4687; x_wconf 82' lang='grc' dir='ltr'>πρὸς</span> <span class='ocrx_word' id='word_1_863' title='bbox 3283 4617 3385 4692; x_wconf 37' lang='grc' dir='ltr'>,τὸν</span> <span class='ocrx_word' id='word_1_864' title='bbox 3435 4616 3670 4689; x_wconf 68' lang='grc' dir='ltr'><strong>Ἰσραήλ.</strong></span> 
     </span>
    </p>
   </div>
   <div class='ocr_carea' id='block_1_110' title="bbox 2098 4686 3671 4759">
    <p class='ocr_par' dir='ltr' id='par_1_110' title="bbox 2098 4686 3671 4759">
     <span class='ocr_line' id='line_1_112' title="bbox 2098 4686 3671 4759; baseline -0.002 -14"><span class='ocrx_word' id='word_1_865' title='bbox 2098 4686 2549 4759; x_wconf 69' lang='grc' dir='ltr'>8ιιρειη-ιιεὰίιείιηι</span> <span class='ocrx_word' id='word_1_866' title='bbox 2585 4691 2722 4758; x_wconf 87' lang='lat' dir='ltr'><strong>forte</strong></span> <span class='ocrx_word' id='word_1_867' title='bbox 2754 4699 2829 4742; x_wconf 87' lang='lat' dir='ltr'><strong>est</strong></span> <span class='ocrx_word' id='word_1_868' title='bbox 2862 4686 3181 4759; x_wconf 68' lang='lat' dir='ltr'><strong>Zachariam</strong></span> <span class='ocrx_word' id='word_1_869' title='bbox 3223 4686 3293 4759; x_wconf 81' lang='lat' dir='ltr'><strong>ad</strong></span> <span class='ocrx_word' id='word_1_870' title='bbox 3321 4686 3537 4754; x_wconf 80' lang='lat' dir='ltr'><strong>puerum</strong></span> <span class='ocrx_word' id='word_1_871' title='bbox 3570 4686 3671 4743; x_wconf 80' lang='lat' dir='ltr'><strong>nou</strong></span> 
     </span>
    </p>
   </div>
   <div class='ocr_carea' id='block_1_111' title="bbox 2096 4756 3672 4827">
    <p class='ocr_par' dir='ltr' id='par_1_111' title="bbox 2096 4756 3672 4827">
     <span class='ocr_line' id='line_1_113' title="bbox 2096 4756 3672 4827; baseline -0.003 -13"><span class='ocrx_word' id='word_1_872' title='bbox 2096 4756 2396 4814; x_wconf 70' lang='lat' dir='ltr'><strong>audientem</strong></span> <span class='ocrx_word' id='word_1_873' title='bbox 2432 4756 2648 4813; x_wconf 77' lang='lat' dir='ltr'><strong>dicere:</strong></span> <span class='ocrx_word' id='word_1_874' title='bbox 2680 4760 2745 4811; x_wconf 77' lang='lat' dir='ltr'><strong>Et</strong></span> <span class='ocrx_word' id='word_1_875' title='bbox 2776 4768 2852 4820; x_wconf 92' lang='lat' dir='ltr'><strong>tu,</strong></span> <span class='ocrx_word' id='word_1_876' title='bbox 2890 4774 3041 4827; x_wconf 90' lang='lat' dir='ltr'><strong>puer.</strong></span> <span class='ocrx_word' id='word_1_877' title='bbox 3075 4756 3185 4808; x_wconf 79' lang='lat' dir='ltr'><strong>Cur</strong></span> <span class='ocrx_word' id='word_1_878' title='bbox 3224 4757 3390 4825; x_wconf 82' lang='lat' dir='ltr'><strong>igitur</strong></span> <span class='ocrx_word' id='word_1_879' title='bbox 3419 4765 3672 4827; x_wconf 81' lang='lat' dir='ltr'><strong>tanquam</strong></span> 
     </span>
    </p>
   </div>
   <div class='ocr_carea' id='block_1_112' title="bbox 2096 4826 3671 4895">
    <p class='ocr_par' dir='ltr' id='par_1_112' title="bbox 2096 4826 3671 4895">
     <span class='ocr_line' id='line_1_114' title="bbox 2096 4826 3671 4895; baseline -0.003 -12"><span class='ocrx_word' id='word_1_880' title='bbox 2096 4832 2334 4883; x_wconf 82' lang='lat' dir='ltr'><strong>audienti</strong></span> <span class='ocrx_word' id='word_1_881' title='bbox 2365 4832 2475 4883; x_wconf 74' lang='lat' dir='ltr'><strong>lure.</strong></span> <span class='ocrx_word' id='word_1_882' title='bbox 2501 4830 2672 4883; x_wconf 81' lang='lat' dir='ltr'><strong>dicit?</strong></span> <span class='ocrx_word' id='word_1_883' title='bbox 2702 4829 2810 4881; x_wconf 89' lang='lat' dir='ltr'><strong>Par</strong></span> <span class='ocrx_word' id='word_1_884' title='bbox 2838 4826 2915 4881; x_wconf 85' lang='lat' dir='ltr'><strong>est</strong></span> <span class='ocrx_word' id='word_1_885' title='bbox 2942 4828 3178 4887; x_wconf 87' lang='lat' dir='ltr'><strong>credere,</strong></span> <span class='ocrx_word' id='word_1_886' title='bbox 3233 4826 3671 4895; x_wconf 83' lang='lat' dir='ltr'><strong>quemadmodum</strong></span> 
     </span>
    </p>
   </div>
   <div class='ocr_carea' id='block_1_113' title="bbox 2096 4896 3672 4963">
    <p class='ocr_par' dir='ltr' id='par_1_113' title="bbox 2096 4896 3672 4963">
     <span class='ocr_line' id='line_1_115' title="bbox 2096 4896 3672 4963; baseline -0.001 -12"><span class='ocrx_word' id='word_1_887' title='bbox 2096 4901 2393 4953; x_wconf 86' lang='lat' dir='ltr'><strong>mirabilem</strong></span> <span class='ocrx_word' id='word_1_888' title='bbox 2426 4909 2603 4953; x_wconf 87' lang='lat' dir='ltr'><strong>ortum</strong></span> <span class='ocrx_word' id='word_1_889' title='bbox 2633 4898 2814 4950; x_wconf 88' lang='lat' dir='ltr'><strong>habuit</strong></span> <span class='ocrx_word' id='word_1_890' title='bbox 2848 4898 3100 4958; x_wconf 75' lang='lat' dir='ltr'><strong>Joannes,</strong></span> <span class='ocrx_word' id='word_1_891' title='bbox 3134 4906 3313 4963; x_wconf 84' lang='lat' dir='ltr'><strong>utpote</strong></span> <span class='ocrx_word' id='word_1_892' title='bbox 3356 4896 3672 4963; x_wconf 67' lang='lat' dir='ltr'><strong>archangelo</strong></span> 
     </span>
    </p>
   </div>
   <div class='ocr_carea' id='block_1_114' title="bbox 2097 4965 3672 5038">
    <p class='ocr_par' dir='ltr' id='par_1_114' title="bbox 2097 4965 3672 5038">
     <span class='ocr_line' id='line_1_116' title="bbox 2097 4965 3672 5038; baseline -0.004 -16"><span class='ocrx_word' id='word_1_893' title='bbox 2097 4972 2423 5023; x_wconf 80' lang='lat' dir='ltr'><strong>nativitatem</strong></span> <span class='ocrx_word' id='word_1_894' title='bbox 2448 4970 2562 5038; x_wconf 80' lang='lat' dir='ltr'><strong>ejus</strong></span> <span class='ocrx_word' id='word_1_895' title='bbox 2594 4969 2929 5038; x_wconf 67' lang='lat' dir='ltr'><strong>prted;ca3tte,</strong></span> <span class='ocrx_word' id='word_1_896' title='bbox 2953 4977 3002 5020; x_wconf 90' lang='lat' dir='ltr'><strong>et</strong></span> <span class='ocrx_word' id='word_1_897' title='bbox 3041 4965 3216 5038; x_wconf 69' lang='lat' dir='ltr'><strong>Maria</strong></span> <span class='ocrx_word' id='word_1_898' title='bbox 3246 4975 3523 5038; x_wconf 80' lang='lat' dir='ltr'><strong>postquam</strong></span> <span class='ocrx_word' id='word_1_899' title='bbox 3564 4966 3672 5038; x_wconf 79' lang='lat' dir='ltr'><strong>Do-</strong></span> 
     </span>
    </p>
   </div>
   <div class='ocr_carea' id='block_1_115' title="bbox 2095 5034 3673 5108">
    <p class='ocr_par' dir='ltr' id='par_1_115' title="bbox 2095 5034 3673 5108">
     <span class='ocr_line' id='line_1_117' title="bbox 2095 5034 3673 5108; baseline 0 -18"><span class='ocrx_word' id='word_1_900' title='bbox 2095 5041 2296 5092; x_wconf 86' lang='lat' dir='ltr'><strong>miuum</strong></span> <span class='ocrx_word' id='word_1_901' title='bbox 2342 5034 2646 5108; x_wconf 72' lang='lat' dir='ltr'><strong>conceperat</strong></span> <span class='ocrx_word' id='word_1_902' title='bbox 2699 5038 2768 5090; x_wconf 86' lang='lat' dir='ltr'><strong>ad</strong></span> <span class='ocrx_word' id='word_1_903' title='bbox 2814 5035 3084 5089; x_wconf 84' lang='lat' dir='ltr'><strong>Elisubetlt</strong></span> <span class='ocrx_word' id='word_1_904' title='bbox 3112 5034 3414 5108; x_wconf 73' lang='lat' dir='ltr'><strong>accedente,</strong></span> <span class='ocrx_word' id='word_1_905' title='bbox 3468 5036 3673 5106; x_wconf 78' lang='lat' dir='ltr'><strong>ipsique</strong></span> 
     </span>
    </p>
   </div>
   <div class='ocr_carea' id='block_1_116' title="bbox 2087 5104 3668 5177">
    <p class='ocr_par' dir='ltr' id='par_1_116' title="bbox 2087 5104 3668 5177">
     <span class='ocr_line' id='line_1_118' title="bbox 2087 5104 3668 5177; baseline -0.003 -16"><span class='ocrx_word' id='word_1_906' title='bbox 2087 5109 2203 5177; x_wconf 87' lang='lat' dir='ltr'><strong>jam</strong></span> <span class='ocrx_word' id='word_1_907' title='bbox 2232 5123 2355 5163; x_wconf 88' lang='lat' dir='ltr'><strong>nato</strong></span> <span class='ocrx_word' id='word_1_908' title='bbox 2387 5104 2660 5162; x_wconf 76' lang='lat' dir='ltr'><strong>assistente</strong></span> <span class='ocrx_word' id='word_1_909' title='bbox 2683 5150 2696 5172; x_wconf 92' lang='lat'><strong>,</strong></span> <span class='ocrx_word' id='word_1_910' title='bbox 2735 5110 2813 5160; x_wconf 90' lang='lat' dir='ltr'><strong>ita</strong></span> <span class='ocrx_word' id='word_1_911' title='bbox 2842 5123 2907 5160; x_wconf 76' lang='lat' dir='ltr'><strong>ea:</strong></span> <span class='ocrx_word' id='word_1_912' title='bbox 2934 5104 3163 5177; x_wconf 80' lang='lat' dir='ltr'><strong>mirabili</strong></span> <span class='ocrx_word' id='word_1_913' title='bbox 3195 5105 3395 5177; x_wconf 75' lang='lat' dir='ltr'><strong>pariter</strong></span> <span class='ocrx_word' id='word_1_914' title='bbox 3417 5104 3668 5158; x_wconf 79' lang='lat' dir='ltr'><strong>consecu-</strong></span> 
     </span>
    </p>
   </div>
   <div class='ocr_carea' id='block_1_117' title="bbox 2095 5174 3666 5247">
    <p class='ocr_par' dir='ltr' id='par_1_117' title="bbox 2095 5174 3666 5247">
     <span class='ocr_line' id='line_1_119' title="bbox 2095 5174 3666 5247; baseline -0.004 -13"><span class='ocrx_word' id='word_1_915' title='bbox 2095 5174 2255 5242; x_wconf 81' lang='lat' dir='ltr'><strong>tione,</strong></span> <span class='ocrx_word' id='word_1_916' title='bbox 2283 5179 2371 5231; x_wconf 87' lang='lat' dir='ltr'><strong>ubi</strong></span> <span class='ocrx_word' id='word_1_917' title='bbox 2400 5182 2627 5247; x_wconf 85' lang='lat' dir='ltr'><strong>primum</strong></span> <span class='ocrx_word' id='word_1_918' title='bbox 2666 5178 2721 5230; x_wconf 88' lang='lat' dir='ltr'><strong>in</strong></span> <span class='ocrx_word' id='word_1_919' title='bbox 2763 5178 2927 5230; x_wconf 87' lang='lat' dir='ltr'><strong>lucem</strong></span> <span class='ocrx_word' id='word_1_920' title='bbox 2959 5176 3130 5247; x_wconf 82' lang='lat' dir='ltr'><strong>editus</strong></span> <span class='ocrx_word' id='word_1_921' title='bbox 3163 5174 3285 5247; x_wconf 77' lang='lat' dir='ltr'><strong>est,‘</strong></span> <span class='ocrx_word' id='word_1_922' title='bbox 3299 5191 3481 5247; x_wconf 76' lang='lat' dir='ltr'><strong>sensus</strong></span> <span class='ocrx_word' id='word_1_923' title='bbox 3513 5191 3666 5227; x_wconf 85' lang='lat' dir='ltr'><strong>usum</strong></span> 
     </span>
    </p>
   </div>
   <div class='ocr_carea' id='block_1_118' title="bbox 2098 5244 3667 5311">
    <p class='ocr_par' dir='ltr' id='par_1_118' title="bbox 2098 5244 3667 5311">
     <span class='ocr_line' id='line_1_120' title="bbox 2098 5244 3667 5311; baseline -0.003 -11"><span class='ocrx_word' id='word_1_924' title='bbox 2098 5249 2362 5302; x_wconf 77' lang='lat' dir='ltr'><strong>habuisse.</strong></span> <span class='ocrx_word' id='word_1_925' title='bbox 2400 5244 2470 5302; x_wconf 34' lang='lat' dir='ltr'><strong>’ln</strong></span> <span class='ocrx_word' id='word_1_926' title='bbox 2498 5260 2644 5301; x_wconf 78' lang='lat' dir='ltr'><strong>utero</strong></span> <span class='ocrx_word' id='word_1_927' title='bbox 2665 5249 2824 5301; x_wconf 86' lang='lat' dir='ltr'><strong>etiam</strong></span> <span class='ocrx_word' id='word_1_928' title='bbox 2862 5246 3163 5309; x_wconf 72' lang='lat' dir='ltr'><strong>exsultavit,</strong></span> <span class='ocrx_word' id='word_1_929' title='bbox 3203 5244 3363 5296; x_wconf 88' lang='lat' dir='ltr'><strong>simul</strong></span> <span class='ocrx_word' id='word_1_930' title='bbox 3386 5256 3540 5311; x_wconf 79' lang='lat' dir='ltr'><strong>atque</strong></span> <span class='ocrx_word' id='word_1_931' title='bbox 3568 5258 3667 5297; x_wconf 69' lang='lat' dir='ltr'><strong>vos;</strong></span> 
     </span>
    </p>
   </div>
   <div class='ocr_carea' id='block_1_119' title="bbox 2092 5312 3663 5373">
    <p class='ocr_par' dir='ltr' id='par_1_119' title="bbox 2092 5312 3663 5373">
     <span class='ocr_line' id='line_1_121' title="bbox 2092 5312 3663 5373; baseline -0.001 -3"><span class='ocrx_word' id='word_1_932' title='bbox 2092 5318 2431 5373; x_wconf 87' lang='lat' dir='ltr'><strong>salutationis</strong></span> <span class='ocrx_word' id='word_1_933' title='bbox 2478 5319 2669 5372; x_wconf 80' lang='lat' dir='ltr'><strong>emissa</strong></span> <span class='ocrx_word' id='word_1_934' title='bbox 2708 5327 2801 5369; x_wconf 85' lang='lat' dir='ltr'><strong>cst.</strong></span> <span class='ocrx_word' id='word_1_935' title='bbox 2855 5315 3078 5369; x_wconf 70' lang='lat' dir='ltr'><strong>Prteibis</strong></span> <span class='ocrx_word' id='word_1_936' title='bbox 3122 5314 3263 5366; x_wconf 89' lang='lat' dir='ltr'><strong>enim</strong></span> <span class='ocrx_word' id='word_1_937' title='bbox 3301 5322 3425 5366; x_wconf 88' lang='lat' dir='ltr'><strong>ante</strong></span> <span class='ocrx_word' id='word_1_938' title='bbox 3470 5312 3663 5369; x_wconf 76' lang='lat' dir='ltr'><strong>fat-icui</strong></span> 
     </span>
    </p>
   </div>
   <div class='ocr_carea' id='block_1_120' title="bbox 2093 5383 3668 5459">
    <p class='ocr_par' dir='ltr' id='par_1_120' title="bbox 2093 5383 3668 5459">
     <span class='ocr_line' id='line_1_122' title="bbox 2093 5383 3668 5459; baseline -0.001 -21"><span class='ocrx_word' id='word_1_939' title='bbox 2093 5386 2307 5442; x_wconf 84' lang='lat' dir='ltr'><strong>Domini</strong></span> <span class='ocrx_word' id='word_1_940' title='bbox 2341 5405 2535 5459; x_wconf 82' lang='lat' dir='ltr'><strong>parare</strong></span> <span class='ocrx_word' id='word_1_941' title='bbox 2570 5389 2684 5441; x_wconf 76' lang='lat' dir='ltr'><strong>vias</strong></span> <span class='ocrx_word' id='word_1_942' title='bbox 2712 5386 2851 5459; x_wconf 68' lang='lat' dir='ltr'><strong>ejus.</strong></span> <span class='ocrx_word' id='word_1_943' title='bbox 2882 5385 3164 5459; x_wconf 76' lang='lat' dir='ltr'><strong>Propterea</strong></span> <span class='ocrx_word' id='word_1_944' title='bbox 3189 5383 3373 5437; x_wconf 86' lang='lat' dir='ltr'><strong>statim</strong></span> <span class='ocrx_word' id='word_1_945' title='bbox 3395 5398 3554 5459; x_wconf 73' lang='lat' dir='ltr'><strong>puero</strong></span> <span class='ocrx_word' id='word_1_946' title='bbox 3577 5399 3668 5437; x_wconf 84' lang='lat' dir='ltr'><strong>va-</strong></span> 
     </span>
    </p>
   </div>
   <div class='ocr_carea' id='block_1_121' title="bbox 2092 5452 3668 5526">
    <p class='ocr_par' dir='ltr' id='par_1_121' title="bbox 2092 5452 3668 5526">
     <span class='ocr_line' id='line_1_123' title="bbox 2092 5452 3668 5526; baseline -0.001 -16"><span class='ocrx_word' id='word_1_947' title='bbox 2092 5452 2355 5512; x_wconf 74' lang='lat' dir='ltr'><strong>ticinatus</strong></span> <span class='ocrx_word' id='word_1_948' title='bbox 2398 5468 2474 5512; x_wconf 84' lang='lat' dir='ltr'><strong>est</strong></span> <span class='ocrx_word' id='word_1_949' title='bbox 2523 5467 2691 5526; x_wconf 85' lang='lat' dir='ltr'><strong>pater.</strong></span> <span class='ocrx_word' id='word_1_950' title='bbox 2743 5452 3155 5510; x_wconf 24' lang='lat' dir='ltr'><strong>‘Not&#39;erat&#39;enim</strong></span> <span class='ocrx_word' id='word_1_951' title='bbox 3199 5461 3261 5526; x_wconf 67' lang='lat' dir='ltr'><strong>ut</strong></span> <span class='ocrx_word' id='word_1_952' title='bbox 3315 5452 3563 5526; x_wconf 79' lang='lat' dir='ltr'><strong>propheta</strong></span> <span class='ocrx_word' id='word_1_953' title='bbox 3611 5468 3668 5508; x_wconf 74' lang='lat' dir='ltr'><strong>se</strong></span> 
     </span>
    </p>
   </div>
   <div class='ocr_carea' id='block_1_122' title="bbox 2090 5522 3661 5597">
    <p class='ocr_par' dir='ltr' id='par_1_122' title="bbox 2090 5522 3661 5597">
     <span class='ocr_line' id='line_1_124' title="bbox 2090 5522 3661 5597; baseline -0.004 -17"><span class='ocrx_word' id='word_1_954' title='bbox 2090 5530 2249 5596; x_wconf 86' lang='lat' dir='ltr'><strong>paulo</strong></span> <span class='ocrx_word' id='word_1_955' title='bbox 2288 5538 2404 5597; x_wconf 79' lang='lat' dir='ltr'><strong>post</strong></span> <span class='ocrx_word' id='word_1_956' title='bbox 2439 5522 2540 5581; x_wconf 80' lang='lat' dir='ltr'><strong>non</strong></span> <span class='ocrx_word' id='word_1_957' title='bbox 2581 5526 2886 5579; x_wconf 88' lang='lat' dir='ltr'><strong>habiturum</strong></span> <span class='ocrx_word' id='word_1_958' title='bbox 2922 5539 3075 5594; x_wconf 79' lang='lat' dir='ltr'><strong>penes</strong></span> <span class='ocrx_word' id='word_1_959' title='bbox 3104 5537 3158 5575; x_wconf 91' lang='lat' dir='ltr'><strong>se</strong></span> <span class='ocrx_word' id='word_1_960' title='bbox 3182 5522 3661 5597; x_wconf 75' lang='lat' dir='ltr'><strong>ﬁlium__alendnm,</strong></span> 
     </span>
    </p>
   </div>
   <div class='ocr_carea' id='block_1_123' title="bbox 2090 5589 3661 5651">
    <p class='ocr_par' dir='ltr' id='par_1_123' title="bbox 2090 5589 3661 5651">
     <span class='ocr_line' id='line_1_125' title="bbox 2090 5589 3661 5651; baseline -0.003 -2"><span class='ocrx_word' id='word_1_961' title='bbox 2090 5589 2178 5650; x_wconf 73' lang='lat' dir='ltr'><strong>sed</strong></span> <span class='ocrx_word' id='word_1_962' title='bbox 2209 5589 2326 5651; x_wconf 80' lang='lat' dir='ltr'><strong>eum</strong></span> <span class='ocrx_word' id='word_1_963' title='bbox 2358 5601 2414 5651; x_wconf 86' lang='lat' dir='ltr'><strong>iu</strong></span> <span class='ocrx_word' id='word_1_964' title='bbox 2447 5600 2661 5651; x_wconf 63' lang='lat' dir='ltr'><strong>desertis</strong></span> <span class='ocrx_word' id='word_1_965' title='bbox 2690 5611 2800 5649; x_wconf 87' lang='lat' dir='ltr'><strong>esse</strong></span> <span class='ocrx_word' id='word_1_966' title='bbox 2836 5589 3305 5647; x_wconf 82' lang='lat' dir='ltr'><strong>commoraturum.</strong></span> <span class='ocrx_word' id='word_1_967' title='bbox 3344 5589 3485 5645; x_wconf 87' lang='lat' dir='ltr'><strong>Puer</strong></span> <span class='ocrx_word' id='word_1_968' title='bbox 3522 5594 3661 5648; x_wconf 84' lang='lat' dir='ltr'><strong>enim</strong></span> 
     </span>
    </p>
   </div>
   <div class='ocr_carea' id='block_1_124' title="bbox 2090 5661 3664 5737">
    <p class='ocr_par' dir='ltr' id='par_1_124' title="bbox 2090 5661 3664 5737">
     <span class='ocr_line' id='line_1_126' title="bbox 2090 5661 3664 5737; baseline 0.001 -19"><span class='ocrx_word' id='word_1_969' title='bbox 2090 5667 2145 5737; x_wconf 69' lang='lat' dir='ltr'><strong>in</strong></span> <span class='ocrx_word' id='word_1_970' title='bbox 2185 5669 2408 5737; x_wconf 83' lang='lat' dir='ltr'><strong>desertis</strong></span> <span class='ocrx_word' id='word_1_971' title='bbox 2448 5675 2561 5722; x_wconf 88' lang='lat' dir='ltr'><strong>erat</strong></span> <span class='ocrx_word' id='word_1_972' title='bbox 2596 5681 2754 5737; x_wconf 85' lang='lat' dir='ltr'><strong>usque</strong></span> <span class='ocrx_word' id='word_1_973' title='bbox 2795 5665 2862 5719; x_wconf 85' lang='lat' dir='ltr'><strong>ad</strong></span> <span class='ocrx_word' id='word_1_974' title='bbox 2903 5664 3041 5718; x_wconf 87' lang='lat' dir='ltr'><strong>diem</strong></span> <span class='ocrx_word' id='word_1_975' title='bbox 3085 5661 3402 5717; x_wconf 82' lang='lat' dir='ltr'><strong>ostensiouis</strong></span> <span class='ocrx_word' id='word_1_976' title='bbox 3443 5678 3554 5718; x_wconf 82' lang='lat' dir='ltr'><strong>sua:</strong></span> <span class='ocrx_word' id='word_1_977' title='bbox 3591 5662 3664 5719; x_wconf 73' lang='lat' dir='ltr'><strong>ad</strong></span> 
     </span>
    </p>
   </div>
   <div class='ocr_carea' id='block_1_125' title="bbox 2090 5735 2392 5792">
    <p class='ocr_par' dir='ltr' id='par_1_125' title="bbox 2090 5735 2392 5792">
     <span class='ocr_line' id='line_1_127' title="bbox 2090 5735 2392 5792; baseline 0.007 -2"><span class='ocrx_word' id='word_1_978' title='bbox 2090 5735 2282 5791; x_wconf 85' lang='lat' dir='ltr'><strong>Israel.</strong></span> <span class='ocrx_word' id='word_1_979' title='bbox 2317 5736 2392 5792; x_wconf 79' lang='lat' dir='ltr'><strong>In.</strong></span> 
     </span>
    </p>
   </div>
  </div>
