4084 6302
437 351 567 405 13ὶῖ

1908 342 2239 398 ῦηῖΕΕἉΊΞ

3558 341 3702 400 1828

436 490 539 530 non
590 482 675 528 est
723 473 775 526 in
810 479 992 525 nostra
1040 475 1326 539 potestate.
1386 464 1521 532 Quis
1548 464 1693 518 enim
1730 463 2010 517 hominum
2042 470 2085 523 Α
2120 462 2566 534 υυιιιὶηιιεθᾰδ
2608 461 2949 533 responderit
2979 462 3052 517 ei.
3095 458 3210 515 [loc
3240 459 3516 527 arbitror,
3545 476 3698 521 certa

439 580 541 619 non
588 563 717 617 velit
758 560 1143 613 ad'staturam
1196 572 1352 612 suam
1401 556 1639 626 adjicere
1660 553 1745 617 ”,
1793 562 1854 607 ut
1899 553 2014 607 lon-

439 657 551 723 gior
599 653 738 707 ﬁat?
805 651 861 705 Si
901 666 1030 721 ergo
1081 658 1363 719 propterea
1415 649 1549 718 quid
1599 646 1912 717 praccipitur
1955 655 2015 698 ut

438 749 563 809 liat,
634 748 862 799 stultum
932 752 1015 797 est
1084 743 1285 811 quippe
1349 742 1680 810 pra:cipere,
1763 734 1911 805 quod
1962 734 2014 789 is

439 840 520 893 cui
566 838 882 907 praecipias,
952 834 1130 891 facere
1181 849 1289 887 non
1339 832 1516 903 possit
1579 849 1599 884 ς
1663 838 1712 883 et
1762 828 2014 899 principi-

439 940 521 985 tur
580 931 736 985 nobis
808 937 866 983 ut
935 941 1285 987 crescamus,
1348 926 1543 992 utique
1597 922 1648 975 id
1706 921 2015 991 principitur

438 1022 583 1094 quod
634 1020 811 1076 facere
871 1034 975 1073 non
1034 1032 1346 1088 possumus.
1427 1016 1523 1070 Vis
1559 1015 1700 1068 scire
1738 1014 2014 1083 quomodo

437 1113 784 1182 intelligitur,
844 1107 1116 1163 Crescite?
1149 1107 1394 1162 ausculta
1430 1105 1560 1176 quid
1594 1104 1746 1159 Isaac
1785 1102 2009 1169 fecerit.

436 1207 499 1259 tle
528 1218 638 1273 quo
670 1203 865 1257 dicitur
892 1220 906 1255 :
944 1199 1103 1254 Isaac
1133 1197 1439 1270 proﬁciebat
1460 1238 1475 1261 ,
1502 1206 1552 1250 et
1591 1196 1766 1265 major
1812 1195 1971 1264 [iebat
1995 1235 2011 1261 ,

437 1296 599 1349 Iouec
646 1294 823 1363 factus
860 1302 940 1346 est
990 1308 1246 1361 magum,
1296 1290 1373 1345 vel
1420 1290 1741 1343 vehementer
1788 1289 1947 1341 nimis
1972 1290 2010 1340 ί.

437 1379 666 1449 Semper
695 1379 839 1433 enim
869 1379 1120 1433 voluntas
1144 1380 1289 1432 illius
1321 1379 1385 1431 ad
1420 1378 1643 1431 meliora
1677 1392 1735 1431 se
1765 1379 2011 1443 tendens,

430 1473 669 1525 habebat
687 1470 965 1541 profectus
983 1486 1133 1535 suos,
1153 1480 1205 1524 et
1230 1486 1384 1524 mens
1402 1470 1640 1525 divinius
1662 1471 1864 1539 aliquid
1881 1485 2015 1525 eon-

437 1564 821 1633 templabatur,
855 1573 909 1616 et
950 1563 1241 1616 exercebat
1266 1578 1322 1616 se
1355 1562 1642 1628 memoria,
1680 1572 1739 1616 ut
1770 1563 1923 1632 plura
1958 1562 2011 1615 in

432 1655 699 1710 thesauro
730 1670 830 1707 suo
864 1654 1146 1716 conderet,
1178 1661 1236 1706 ut
1271 1653 1482 1707 tlrmius
1517 1654 1793 1707 retineret.
1836 1652 2014 1722 Atque

340 1775 345 1782 -
434 1748 492 1801 in
526 1747 670 1800 hunc
701 1746 920 1799 modum
952 1744 1150 1810 evenit,
1182 1753 1241 1798 nt
1266 1744 1360 1813 qui
1390 1758 1589 1799 onlnes
1619 1745 1851 1798 virtutes
1882 1759 2012 1798 snas

2115 555 2183 607 de
2210 554 2511 622 Scripturis
2541 554 2752 607 ratione
2786 560 3117 607 commotus.
3149 554 3208 606 Si
3239 557 3386 609 enim
3428 558 3606 627 major
3638 562 3698 615 in

2115 645 2259 699 natis
2290 644 2585 698 mulierum
2616 642 2828 697 Joanne
2869 642 3112 712 Baptista
3150 642 3254 699 fuit
3295 661 3492 713 nemo,
3522 647 3699 721 Moysi

2113 748 2296 790 autem
2346 737 2626 806 respondit
2654 735 2796 791 Deus
2818 776 2831 798 ,
2883 746 3285 805 consequenter
3327 741 3609 809 respondit
3642 754 3699 798 et

2112 829 2309 884 Joauni
2344 830 2437 899 qui
2489 829 2665 897 major
2698 827 2882 900 Moyse
2918 827 3055 893 fuit,
3092 830 3186 900 qui
3221 838 3306 885 est
3348 834 3589 890 nutritus
3639 837 3696 891 in

2112 935 2332 987 eremo,
2362 921 2521 989 cujus
2557 921 2898 974 nativitatem
2934 921 3079 975 idem
3112 922 3475 994 archangelus
3506 927 3602 995 qui
3641 938 3699 981 et

2116 1011 2331 1066 Domini
2375 1004 2679 1076 nuntiavit,
2727 1011 2887 1079 cujus
2929 1023 3084 1080 pater
3114 1014 3208 1082 qui
3237 1028 3362 1068 eum
3397 1016 3545 1069 nasci
3584 1030 3695 1071 non

2114 1102 2389 1166 credebat,
2424 1102 2718 1156 obmutuit.
2759 1101 2890 1156 Erat
2920 1102 3086 1173 igitur
3115 1104 3169 1158 in
3193 1104 3408 1160 deserto
3430 1104 3694 1176 Joannes,

2113 1203 2170 1247 et
2210 1192 2555 1246 nutriebatur
2603 1207 2748 1246 novo
2786 1202 2844 1247 et
2886 1201 3042 1248 extra
3095 1195 3391 1251 humanam
3440 1208 3694 1255 naturam

2115 1285 2300 1351 modo,
2335 1285 2386 1338 id
2420 1285 2597 1353 ipsum
2627 1283 2882 1339 Matthtco
2912 1297 3250 1341 memorante
3280 1306 3295 1342 :
3326 1288 3488 1343 Cibus
3516 1300 3696 1345 autem

2108 1376 2229 1447 ejus
2255 1386 2405 1429 erant
2432 1375 2652 1430 locusta:
2677 1387 2726 1430 et
2772 1377 2875 1430 mel
2901 1376 3140 1431 silvestre
3164 1378 3204 1431 ³.
3237 1378 3375 1444 Quia
3401 1380 3546 1435 enim
3585 1382 3696 1435 mi-

2115 1469 2287 1523 nister
2327 1467 2429 1521 fuit
2461 1468 2623 1536 primi
2670 1468 2971 1525 Salvatoris
3008 1471 3317 1535 adventus,
3347 1482 3399 1526 et
3444 1481 3694 1528 tantum-

2115 1559 2277 1614 modo
2296 1560 2364 1614 de
2389 1559 2799 1628 dispensatione
2825 1560 3007 1615 carnis
3026 1560 3324 1616 Dominicae
3347 1564 3695 1633 loquebatur,

2112 1666 2178 1704 ac
2204 1651 2490 1721 prophetia
2520 1652 2667 1707 illius
2689 1667 2815 1706 eum
2843 1652 2938 1722 qui
2967 1661 3130 1707 natus
3156 1652 3335 1707 fuerat
3354 1670 3420 1709 ex
3444 1654 3692 1726 Virgine,

2115 1744 2469 1813 prtecinebat,
2495 1761 2603 1801 non
2632 1744 3205 1799 babuitdomesticum
3229 1748 3334 1800 mel
3375 1756 3429 1801 et
3454 1747 3697 1804 humana

437 1838 490 1893 in
517 1839 712 1893 anima:
737 1853 868 1906 agro
889 1838 1212 1899 excoluerit,
1240 1838 1491 1906 impleret
1519 1835 1835 1890 mandatum
1874 1851 2012 1905 prze-
2042 1811 2087 1867 Β
2116 1836 2396 1907 diligentia
2426 1836 2792 1909 percolatum,
2823 1837 2917 1891 sed
2949 1837 3196 1892 silvestre
3230 1841 3356 1902 mel,
3388 1850 3443 1893 et
3474 1840 3698 1895 volucre

436 1928 666 1996 cipiens,
701 1924 948 1980 Crescite.
970 1925 1334 1991 Quamobrem
1359 1935 1411 1979 et
1432 1924 1672 1981 Joannes
1688 1926 1874 1980 adhuc
1897 1942 2016 1995 par-

435 2016 594 2071 vulus
638 2017 954 2081 crescebat,
989 2026 1043 2071 et
1088 2017 1575 2085 multiplicabatur.
1629 2015 2012 2070 DLllicillimum

432 2116 614 2160 autem
646 2116 729 2161 est
756 2107 1038 2176 parvulum
1072 2106 1267 2175 spiritu
1299 2121 1568 2174 crescere,
1602 2115 1657 2160 ct
1684 2107 1824 2160 inter
1860 2122 2013 2160 mor-

437 2195 572 2250 tales
603 2209 907 2264 perrarum.
947 2194 1090 2249 Puer
1118 2206 1292 2250 autem
1328 2196 1621 2263 crescebat,
1663 2207 1712 2251 et
1743 2197 2016 2267 conforta-

435 2281 593 2336 batur
638 2284 849 2351 spiritu.
896 2284 1058 2338 Aliud
1096 2295 1181 2339 est
1221 2287 1518 2353 crescebat,
1549 2287 1695 2341 aliud
1743 2287 2014 2356 conforta-

436 2370 616 2425 batur.
649 2369 867 2426 lnﬁrma
894 2383 976 2428 est
1008 2373 1249 2428 humana
1280 2384 1494 2442 natura,
1528 2386 1582 2430 et
1613 2385 1672 2429 ut
1698 2376 1812 2429 licri
1842 2376 2016 2445 possit

436 2459 661 2527 fortior,
691 2462 877 2516 divino
904 2464 1117 2518 auxilio
1146 2465 1370 2536 indiget.
1403 2464 1661 2535 Legimus
1684 2467 1735 2530 ’,
1768 2466 1909 2520 Caro
1938 2467 2018 2519 in-

430 2553 613 2621 ﬁrma.
647 2552 767 2619 Quo
796 2554 960 2622 igitur
1002 2557 1207 2610 auxilio
1243 2556 1615 2611 conlirmanda
1650 2557 1778 2611 est?
1816 2539 2014 2625 Utique

437 2641 651 2710 spiritu.
668 2643 907 2711 Spiritus
926 2645 1070 2698 enim
1096 2656 1403 2715 promptus,
1424 2661 1553 2700 caro
1575 2655 1754 2699 autem
1776 2647 2012 2702 inlirma.

435 2734 538 2801 Qui
568 2736 682 2789 vult
709 2734 900 2791 fortior
928 2738 1067 2805 ﬁeri,
1102 2755 1208 2792 non
1240 2739 1397 2793 debet
1422 2740 1526 2794 nisi
1558 2738 1612 2792 in
1645 2740 1853 2809 Spiritu
1878 2758 2015 2795 con-

438 2823 647 2876 tortari.
683 2823 836 2878 Multi
866 2826 1247 2882 confortantur
1273 2844 1459 2894 carne,
1492 2845 1721 2899 corpore
1750 2832 2011 2886 roboran-

442 2923 575 2981 tur;
608 2915 809 2970 atbleta
850 2926 1032 2972 autem
1063 2917 1160 2973 Dei
1206 2920 1397 2989 spiritu
1432 2921 1774 2976 roborandus
1807 2932 1922 2989 est,
1960 2932 2015 2978 et

435 3010 561 3059 cum
600 3007 681 3060 sic
704 3007 867 3062 fuerit
889 3009 1250 3077 confortatus,
1285 3013 1608 3083 sapientiam
1629 3015 2010 3081 carniselidet,

436 3106 493 3150 et
524 3098 787 3166 spiritalis
818 3100 1062 3167 eﬂ‘cctus,
1092 3103 1285 3157 subdet
1321 3119 1519 3173 corpus
1557 3107 1724 3159 animi
1758 3106 2006 3175 imperio.

437 3185 555 3241 Non
585 3199 837 3258 putemus
877 3208 1006 3261 ergo
1036 3193 1336 3262 simplicem
1375 3195 1442 3248 de
1484 3194 1694 3250 Joanne
1725 3196 2009 3251 historiam

436 3293 558 3332 esse
584 3281 974 3349 conscriptam,
1004 3292 1059 3337 et
1087 3299 1208 3351 quae
1240 3285 1375 3337 nihil
1413 3286 1479 3339 ad
1510 3301 1609 3340 nos
1637 3288 2013 3355 pertineat,.in

434 3384 505 3422 eo
538 3371 683 3439 quod
714 3372 933 3437 dicitur,
965 3374 1229 3428 crescebat
1257 3385 1305 3429 el
1330 3377 1741 3446 confortabatur
1780 3381 1971 3449 spiritu
1992 3395 2014 3435 .'

440 3461 536 3515 sed
568 3462 634 3516 ad
662 3462 1016 3519 imitationem
1055 3478 1318 3532 nostram,
1351 3469 1767 3539 utnmltiplicati
1797 3471 2017 3541 spirita-

434 3551 562 3605 liter
584 3552 740 3621 juxta
772 3570 896 3608 eum
931 3572 1093 3625 quem
1123 3559 1363 3615 diximus
1389 3577 1609 3617 sensqu
1630 3605 1645 3628 ,
1677 3564 2012 3619 incrementa

435 3641 745 3709 capiamus.
784 3642 855 3696 Et
888 3657 1001 3700 erat
1031 3649 1087 3701 in
1121 3650 1340 3704 desertis
1371 3668 1533 3721 usque
1558 3654 1626 3706 ad
1667 3655 1807 3707 diem
1843 3666 2016 3709 osten-

432 3730 605 3783 sionis
634 3749 745 3786 sua:
774 3735 843 3788 ad
868 3736 1058 3791 Israel.
1096 3739 1237 3794 Dixit
1267 3742 1378 3810 (51)
1413 3759 1586 3811 nuper
1619 3745 1765 3813 quod
1795 3756 1849 3800 et
1880 3762 2014 3802 con-

432 3828 629 3887 ceptus
656 3820 898 3880 Joannes
929 3831 1254 3898 stupendum
1297 3833 1427 3902 quid
1468 3834 1757 3902 habuerit,
1793 3839 2015 3908 quando

438 3911 734 3966 exsultavit
762 3915 943 3972 infans
973 3920 1024 3973 in
1056 3930 1228 3987 utero,
1261 3933 1315 3978 ct
1348 3942 1507 3979 sttutn
1539 3930 1769 3982 necdum
1800 3933 2015 3999 genitus

347 4017 382 4110 ἦ
441 3998 734 4110 quinum
763 4012 1077 4075 recognovit
1104 4031 1118 4063 :
1149 4022 1201 4066 et
1232 4015 1487 4069 nativitas
1517 4032 1621 4070 non
1651 3998 1824 4088 impar
1848 4022 2016 4075 mira—

431 4091 655 4159 culum,
695 4098 915 4164 quando
954 4102 1021 4153 ad
1055 4116 1177 4154 cum
1213 4105 1357 4158 velut
1391 4106 1699 4161 audientem
1735 4109 2015 4168 Zachariae

352 4208 371 4231 ι,
436 4183 814 4250 prophetantis
836 4203 1015 4244 sermo
1039 4195 1395 4259 convertitur,
1423 4198 1639 4252 dicens:
1671 4198 1737 4252 Et
1759 4210 1838 4266 tu,
1862 4221 2011 4270 puer,

436 4278 687 4345 propheta
719 4279 985 4335 Altissimi
1028 4285 1316 4340 vocaberis.
1368 4287 1537 4356 Digne
1584 4292 1748 4357 igitur
1794 4296 1886 4363 qui
1934 4298 2013 4351 sic

433 4374 733 4435 conceptus
774 4368 951 4424 fuerat
981 4383 1041 4426 et
1073 4385 1263 4441 natus,
1308 4392 1415 4431 non
1459 4383 1821 4450 exspectavit,
1876 4394 1937 4440 ut
1980 4403 2009 4441 a

440 4464 598 4524 patre
628 4459 927 4514 nutriretur
962 4479 1136 4533 usque
1167 4467 1233 4519 ad

434 4566 627 4629 Israel,
659 4572 752 4624 sed
789 4576 1038 4642 recessit,
1069 4576 1278 4648 fugiens
1308 4581 1601 4636 tumultum
1637 4585 1874 4653 urbium,
1914 4604 2012 4658 po-

434 4662 549 4730 puli
598 4662 990 4734 frequentiam,
1039 4671 1293 4726 viciniam
1337 4675 1650 4742 civitatum,
1699 4688 1752 4733 et
1785 4679 1918 4735 abiit
1955 4682 2008 4735 in

432 4751 648 4807 deserta
671 4794 686 4819 ,
712 4758 813 4810 ubi
851 4763 1039 4825 purior
1076 4778 1169 4815 aer
1198 4774 1314 4817 erat
1345 4774 1396 4817 et
1430 4767 1625 4820 caelum
1658 4771 1917 4838 apertius,
1958 4781 2013 4827 et

432 4843 759 4899 fatniliarior
817 4848 993 4915 Deus,
1042 4861 1099 4906 ut
1145 4855 1271 4922 quia
1323 4858 1552 4911 necdum
1607 4871 2006 4916 sacramentum

434 4932 717 5002 baptismi,
757 4953 856 4992 nec
889 4942 1289 5009 praedicationis
1320 4954 1531 5014 tempus
1556 4949 1881 5013 advenerat,
1917 4966 2008 5004 va-

428 5033 585 5077 caret
622 5028 998 5095 orationibus,
1036 5043 1089 5086 et
1132 5049 1255 5087 cum
1304 5037 1513 5105 angelis
1558 5050 2003 5105 conversaretur,

427 5116 846 5188 appellaretque
880 5120 1193 5189 Dominum,
1234 5136 1289 5180 et
1323 5126 1473 5180 illum
1520 5129 1733 5182 audiret
1781 5146 2006 5199 respon-

433 5207 650 5262 dentem
693 5221 858 5280 atque
896 5211 1211 5271 dicentem:
1248 5217 1381 5271 Ecce
1410 5219 1616 5273 adsunt.
1663 5219 1819 5275 Sicut
1857 5223 2002 5276 enim

431 5297 644 5367 Moyses
691 5301 1053 5370 loquebatur,
1099 5316 1155 5360 et
1195 5305 1339 5363 Deus
1386 5311 1741 5378 respondebat
1787 5313 1880 5367 ei:
1928 5314 2006 5368 sic

428 5404 564 5460 puto
605 5394 751 5461 quod
798 5391 1037 5449 Joannes
1086 5398 1301 5454 locutus
1351 5399 1515 5454 fuerit
1560 5401 1613 5455 iu
1664 5402 1915 5466 deserto,
1951 5414 2005 5456 et

492 5567 546 5599 θ’
577 5568 759 5624 Matth.
799 5572 871 5637 it,
901 5572 991 5627 27.
1066 5575 1084 5604 ⁸
1121 5573 1255 5627 Gen.
1285 5591 1445 5642 xxvi,
1481 5577 1565 5630 lli.

2035 3157 2082 3217 α

1653 5580 1674 5609 ³
1703 5578 1854 5632 Matt.
1886 5592 2012 5632 xxvi
2036 5619 2051 5643 ,
2079 5577 2169 5631 41.
2238 5577 2259 5607 ³
2292 5576 2471 5631 Matth.
2508 5592 2597 5634 nt.
2632 5577 2685 5632 «1.

2116 1940 2225 1979 non
2260 1928 2489 1997 grande,
2525 1942 2632 1981 non
2666 1925 2719 1979 in
2747 1925 2980 1981 sublime
3011 1940 3069 1981 se
3095 1927 3338 1991 elevans,
3370 1944 3560 1983 verum
3593 1943 3696 1985 vo-

2115 2019 2265 2073 lucre
2298 2034 2549 2089 parvum,
2587 2027 2640 2074 et
2669 2019 2756 2072 vix
2785 2033 2814 2072 a
2844 2028 2985 2073 terra
3007 2033 3368 2089 consurgens,
3405 2030 3460 2075 et
3489 2022 3696 2079 saliens

2112 2109 2296 2180 potius
2337 2125 2502 2181 quam
2544 2110 2756 2164 volans.
2801 2107 2945 2175 Quid
2996 2109 3204 2176 plura?
3246 2110 3697 2168 manifestissime

2115 2201 2317 2257 dicitur
2345 2202 2490 2270 quod
2523 2202 2747 2256 locustae
2786 2201 2989 2256 fuerint
3020 2202 3177 2257 cibus
3208 2202 3363 2272 ejus,
3403 2205 3694 2273 parvulum

2115 2291 2315 2345 animal
2347 2301 2399 2345 et
2435 2291 2725 2345 mundum.
2756 2290 3117 2346 Considerate
3147 2307 3297 2363 ergo,
3337 2292 3531 2347 fratres
3562 2295 3696 2347 cha-

2115 2385 2339 2449 rissimi,
2375 2384 2522 2454 quod
2549 2383 2644 2453 qui
2673 2398 2814 2437 nove
2848 2393 3009 2438 natus
3038 2383 3253 2449 fuerat,
3286 2401 3422 2441 nove
3449 2386 3693 2441 nutritus

2110 2486 2218 2532 est.
2249 2475 2381 2531 Post
2402 2491 2526 2546 qua:
2556 2475 2839 2543 Scriptura
2869 2475 3094 2545 sulijicit
3120 2495 3134 2531 :
3162 2475 3383 2530 Factum
3409 2487 3485 2530 est
3511 2487 3693 2531 autem

2114 2569 2172 2621 in
2196 2567 2379 2621 diebus
2404 2567 2545 2633 illis,
2584 2568 2745 2620 exivit
2767 2568 2997 2621 edictum
3020 2583 3059 2621 α
3090 2565 3296 2622 Caasure
3324 2568 3557 2637 Augusto
3579 2608 3593 2631 ,
3626 2575 3692 2621 ut

2114 2657 2498 2711 describantur
2518 2660 2692 2712 omnis
2724 2658 2888 2712 orbis.
2923 2659 3052 2713 Ηιτε
3086 2659 3185 2728 fuit
3212 2659 3489 2727 descriptio
3512 2661 3694 2729 prima

2112 2769 2146 2805 α
2171 2751 2397 2818 prteside
2423 2749 2597 2819 Syria:
2621 2750 2817 2820 Cyrino
2847 2752 2888 2805 ⁵.
2924 2751 3077 2805 Dicat
3112 2752 3311 2821 aliquis
3338 2772 3349 2806 :
3380 2750 3425 2807 0
3457 2769 3699 2823 evangee

2112 2844 2218 2898 lica
2256 2844 2541 2897 narratio!
2585 2844 2857 2909 Quoniam
2899 2844 3076 2912 prima
3114 2845 3411 2913 descriptio
3452 2845 3691 2900 universi

2114 2935 2267 2989 orbis
2298 2933 2401 2988 sub
2435 2934 2667 2990 thesaro-
2696 2933 2946 3004 Augusto
2995 2933 3157 2988 fuerit
3179 2974 3194 2997 ,
3230 2944 3283 2988 et
3317 2935 3460 2989 inter
3498 2949 3690 2990 omnes

2114 3025 2278 3079 etiam
2306 3022 2509 3094 Joseph
2541 3039 2665 3078 eum
2690 3024 2858 3079 Maria
2886 3026 3211 3095 desponata
3240 3026 3342 3080 sibi
3367 3035 3525 3096 atque
3551 3040 3687 3095 prie.

2116 3126 2316 3187 gnante
2340 3134 2543 3173 neuneu
2581 3119 2830 3171 retulerit
2862 3118 2916 3170 in
2962 3132 3221 3181 censum,
3270 3132 3335 3172 ac
3367 3118 3686 3189 priusquam
3715 3129 3721 3133 '

2115 3209 2407 3277 descriptio
2438 3210 2825 3278 compleretur,
2857 3218 3014 3263 ortus
3048 3206 3211 3262 fuerit
3241 3208 3424 3276 Jesus,
3457 3211 3691 3282 diligen—

2114 3302 2225 3356 tius
2256 3301 2485 3353 intuenti
2516 3310 2917 3354 sacramentum
2958 3299 3232 3369 quoddam
3277 3301 3493 3354 videtur
3519 3301 3693 3371 signi.

2114 3393 2314 3456 fit-are,
2366 3393 2507 3460 quod
2558 3392 2612 3445 in
2659 3390 2829 3445 t0tius
2875 3391 3026 3445 orbis
3072 3390 3414 3460 professione
3460 3391 3691 3447 describi

2114 3480 2416 3551 oportuerit
2450 3492 2504 3535 et
2534 3481 2814 3536 Christum
2839 3520 2854 3545 ,
2908 3490 2969 3535 ut
3005 3476 3421 3536 cum'oznnibus
3458 3482 3692 3552 scriptus

2114 3574 2480 3629 sanctiticaret
2500 3588 2714 3638 omnes,
2743 3581 2798 3627 et
2825 3584 2950 3627 cum
2980 3572 3114 3627 orbe
3136 3574 3338 3628 relatus
3364 3573 3420 3627 in
3443 3588 3689 3639 censum,

2112 3667 2559 3722 communionem
2592 3666 2675 3721 sui
2708 3666 2972 3735 praeberet
2996 3665 3154 3732 orbi,
3186 3676 3243 3719 ut
3270 3676 3395 3735 post
3426 3667 3567 3722 hanc
3597 3669 3693 3722 de-

2116 3759 2489 3828 scriptionem,
2526 3759 2857 3813 describeret
2882 3773 3133 3827 quosque
3164 3773 3228 3812 ex
3260 3760 3390 3812 orbe
3415 3773 3599 3813 secum
3634 3760 3692 3815 in

2114 3849 2255 3903 libro
2286 3851 2584 3903 viventium
2612 3866 2624 3902 :
2668 3860 2724 3903 ut
2753 3849 3067 3918 quicunque
3100 3850 3455 3904 credidissent
3487 3851 3540 3904 in
3588 3865 3689 3915 eo.

2113 3948 2299 4008 postea
2330 3954 2454 3992 cum
2492 3941 2697 3995 sanctis
2728 3940 2873 3993 illius
2900 3939 3269 3993 scriberentur
3297 3940 3351 3992 in
3389 3940 3568 4009 cmlis,
3596 3942 3686 4001 cui

2112 4041 2195 4087 est
2223 4032 2394 4103 gloria
2426 4041 2481 4087 et
2500 4033 2788 4105 imperium
2822 4032 2875 4085 in
2899 4030 3095 4086 saecula
3117 4031 3461 4087 saeculorum.
3490 4034 3686 4095 Amen,

2655 4144 2942 4201 ﬂOMlLlA
2977 4146 3091 4199 XII.

2140 4233 2217 4289 De
2248 4253 2306 4289 eo
2329 4240 2467 4306 quod
2491 4238 2746 4310 scripturn
2774 4249 2874 4300 est,
2910 4240 3151 4310 angelum
3187 4243 3383 4295 venisse
3413 4242 3478 4294 de
3506 4239 3656 4303 calo,

2214 4316 2261 4358 et
2290 4305 2461 4359 ortum
2493 4305 2705 4361 Domini
2741 4305 3014 4363 nuntiasse
3038 4313 3363 4380 pastoribus.
3392 4315 3503 4381 Cap
3529 4326 3587 4365 ιι.

2180 4396 2351 4453 Natus
2376 4407 2458 4453 est
2481 4398 2743 4454 Dominus
2763 4415 2919 4456 meus
2943 4400 3124 4469 Jesus,
3145 4414 3195 4459 et
3219 4404 3442 4474 angelus
3463 4402 3689 4455 desecti-

1263 4468 1403 4521 dit‘m
1444 4473 1772 4528 ostensionis
1802 4491 1913 4531 suae
1946 4481 2014 4534 ad
2046 4494 2091 4549 ι)
2120 4488 2198 4542 dit
2229 4490 2295 4543 de
2328 4491 2465 4543 coelo
2492 4491 2829 4546 annuntians
2861 4468 3197 4549 nativitatem
3230 4468 3370 4564 ejus.
3395 4491 3688 4546 Videamus

2117 4578 2300 4649 itaque
2322 4596 2481 4650 quem
2506 4581 2806 4650 qutesierit,
2827 4595 2884 4637 ut
2912 4584 3032 4653 ejus
3061 4587 3339 4640 nuntiaret
3368 4585 3681 4639 adventum.

2117 4668 2235 4723 Non
2278 4670 2423 4724 venit
2462 4668 2889 4744 Jerosolymam,
2920 4690 3031 4729 non
3076 4677 3328 4744 quaesivit
3372 4676 3594 4731 Scribas
3635 4685 3720 4741 et.

2116 4758 2458 4824 l‘harisaeos,
2497 4776 2605 4813 non
2648 4776 2978 4832 synagogam
3018 4763 3300 4833 ingressus
3345 4775 3429 4818 est
3473 4762 3689 4818 Judteo-

2116 4866 2260 4907 rom.
2295 4852 2386 4905 sed
2418 4861 2663 4919 pastores
2695 4854 2894 4921 reperit
2917 4870 3079 4923 super
3112 4871 3300 4926 greges
3324 4871 3455 4909 suos
3478 4857 3687 4927 vigilias

2113 4940 2464 5007 excubantes,
2496 4943 2684 5010 eisque
2709 4942 2949 5011 loquitur
2974 4960 2988 4997 :
3022 4942 3197 4995 Natus
3222 4952 3298 4997 est
3326 4944 3478 4997 hodie
3498 4944 3686 4998 Salva-

2095 5038 2229 5100 tor,
2264 5033 2354 5100 qui
2387 5041 2462 5084 est
2495 5030 2739 5086 Christus
2784 5032 3066 5088 Dominus.
3098 5032 3340 5089 Putasne
3372 5035 3504 5093 nihil
3537 5036 3685 5091 aliud

2110 5121 2328 5175 divinus
2363 5120 2771 5193 Scripturarum
2808 5139 2989 5179 sermo
3021 5125 3319 5195 signiﬁcat,
3349 5128 3438 5179 sed
3471 5133 3683 5177 tantum

2110 5210 2214 5266 hoc
2237 5213 2382 5281 quod
2412 5213 2479 5267 ad
2507 5220 2751 5283 pastores
2780 5215 2990 5268 venerit
3010 5216 3238 5285 angelus
3272 5229 3323 5271 et
3347 5214 3426 5269 eis
3464 5214 3685 5269 locutus

2111 5303 2226 5357 sit?
2273 5305 2469 5358 Audite
2490 5346 2505 5370 ,
2537 5314 2785 5375 pastores
2816 5305 3184 5363 Ecclesiarum
3205 5347 3220 5373 ,
3261 5315 3504 5376 pastores
3544 5304 3639 5358 Dei
3664 5347 3681 5370 ,

2111 5394 2257 5463 quod
2305 5410 2520 5465 semper
2566 5395 2792 5465 angelus
2839 5398 2959 5467 ejus
3008 5398 3299 5455 descendat
3343 5413 3373 5452 e
3407 5398 3548 5452 uelo
3574 5435 3591 5462 ,
3623 5406 3683 5456 et

2763 5577 2781 5609 ⁸
2805 5575 2940 5633 Luc.
2978 5595 3035 5643 ll,
3074 5580 3121 5646 l,
3149 5581 3199 5637 2.

508 5747 619 5814 (51)
653 5749 929 5803 Malm-riu:
960 5748 1013 5807 in
1042 5761 1186 5805 recto
1208 5738 1350 5808 Dixi.
1381 5754 1604 5809 Leviora
1629 5758 1872 5827 quaedam
1898 5760 2002 5813 alia
2042 5762 2189 5816 taciti
2230 5765 2585 5834 castigamus.
