4084 6302
398 397 530 452 1829

1519 389 1583 442 IN
1626 387 1860 443 LUCAII
1904 388 2189 444 IIOIIILIA
2223 389 2366 443 XIII.

3506 384 3639 437 Isso

384 513 667 569 auuuntiet
697 513 849 567 vobis
874 510 1133 581 quoniam
1158 517 1320 562 natus
1345 517 1426 562 est
1461 509 1617 563 vobis
1645 509 1804 564 hodie
1835 508 1958 563 Sal-
1990 518 2030 572 Α
2064 509 2362 578 provinciis
2409 507 2870 577 cognoscendum.
2915 506 3052 560 Ante
3097 506 3386 560 adventum
3421 504 3659 583 Domini

380 612 539 656 sator
562 642 579 670 ,
609 604 703 671 qui
744 609 829 655 est
860 599 1113 653 Christus
1146 595 1430 651 Dominus.
1466 596 1681 652 Etenim
1711 605 1956 666 pastores

380 696 449 748 lic
463 694 753 750 clesiarum
778 731 793 755 ,
834 689 941 744 nisi
984 689 1073 744 ille
1107 698 1294 758 pastor
1321 690 1566 753 venerit,
1602 704 1697 759 per
1731 704 1788 743 se
1823 692 1957 743 bene

374 801 595 857 gregem
644 795 860 838 servare
906 794 1016 834 non
1067 790 1361 850 poterunt,
1411 781 1626 834 infirma
1658 790 1954 835 esteorum

373 875 626 928 rustodia
654 914 671 938 ,
702 872 806 927 nisi
838 871 1093 927 Christus
1125 887 1250 926 cum
1284 871 1364 927 eis
1394 871 1605 942 paverit
1647 882 1810 933 atque
1842 887 1957 927 ser-

377 965 604 1018 ravetit.
638 963 850 1018 Dudum
886 963 939 1016 in
970 962 1234 1032 Apostolo
1272 962 1472 1018 lectum
1507 971 1592 1019 est
1615 964 1667 1027 ⁵,
1702 963 1795 1017 Dei
1830 978 1959 1017 coo-

380 1066 659 1126 peratores
692 1070 904 1112 sumus.
932 1052 1129 1110 Pastor
1154 1054 1351 1122 bonus,
1382 1056 1477 1125 qui
1509 1055 1752 1110 imitatur
1780 1064 1958 1125 pasto-

380 1161 493 1200 rem
542 1148 745 1201 bonum
773 1146 837 1212 ",
894 1154 1219 1216 cooperator
1249 1154 1334 1201 est
1381 1145 1476 1201 Dei
1518 1156 1571 1201 et
1621 1146 1847 1201 Christi.
1891 1146 1956 1201 Et

379 1244 663 1306 propterea
699 1245 887 1307 pastor
930 1238 1106 1291 bonus
1149 1245 1273 1304 est,
1305 1238 1400 1309 qui
1446 1239 1610 1292 habet
1641 1253 1825 1293 secum
1860 1250 1955 1308 pa-’

374 1335 581 1381 storem
616 1327 885 1396 optimum
929 1336 1364 1395 compascentem
1409 1328 1534 1383 sibi.
1568 1328 1760 1384 Posuit
1806 1329 1951 1382 enim

378 1415 523 1474 Deus
550 1417 603 1471 in
638 1415 878 1472 Ecclesia
904 1416 1203 1488 apostolos,
1233 1419 1547 1488 prophetas,
1568 1421 1950 1490 evangelistas,

377 1517 661 1578 pastores,
714 1507 1002 1573 doctores,
1052 1510 1237 1563 omnia
1277 1509 1331 1563 in
1364 1509 1699 1578 perfectione
1731 1521 1953 1566 sancto-

379 1615 497 1654 rum
517 1600 557 1654 '.
586 1598 651 1654 Et
667 1600 782 1654 luce
803 1597 1022 1671 quidem
1041 1599 1327 1655 suntdicta
1345 1602 1667 1671 simplicius.
1682 1601 1950 1659 Gtt-terum

377 1691 422 1745 si
454 1690 519 1745 ad
552 1691 904 1746 sacratiorem
937 1698 1152 1759 oportet
1182 1692 1479 1747 ascendere
1508 1693 1949 1764 intelligentiam,

374 1783 554 1839 dicam
578 1784 842 1854 quosdam
872 1783 1039 1839 fuisse
1066 1791 1313 1854 pastores
1345 1786 1566 1855 angelos
1598 1787 1691 1857 qui
1725 1803 1810 1842 res
1837 1787 1944 1841 hu-

2063 601 2396 665 Salvatoris,
2436 600 2522 654 isti
2567 599 2741 670 angeli
2771 614 2961 668 parum
2994 607 3239 667 poterant
3264 598 3484 652 creditis
3530 598 3637 651 sibi

2061 694 2312 748 utilitatis
2373 692 2608 757 afferre,
2674 701 2730 746 et
2789 699 3018 744 conatus
3073 705 3261 743 eorum
3327 689 3478 758 sequi
3526 705 3633 743 non

2057 784 2272 839 valebat
2336 782 2581 838 ell‘ectus.
2641 779 2924 846 Quoddam
2988 789 3072 833 est
3141 780 3401 848 signum,
3470 793 3634 847 quam

2058 891 2250 945 parum
2292 875 2553 945 prodesse
2592 881 2846 943 poterant
2880 871 3158 938 subjectis.
3194 869 3458 923 Ausculta
3487 870 3634 938 quod

2058 967 2334 1022 dicimus:
2385 964 2616 1031 Quando
2653 965 2879 1035 angelus
2925 962 3304 1034 Egyptiorum
3345 960 3634 1032 Egyptios

2057 1058 2378 1128 adjuvabat,
2415 1057 2504 1111 vix
2536 1074 2683 1113 unus
2715 1057 3023 1127 proselytus
3056 1054 3307 1110 credebat
3344 1054 3397 1108 in
3427 1053 3634 1120 Deum,

2056 1158 2110 1205 et
2137 1150 2239 1204 hoc
2269 1148 2449 1215 fiebat,
2471 1148 2756 1221 Egyptios
2779 1148 2971 1219 angelo
2992 1147 3359 1216 dispensante.
3390 1143 3635 1214 Denique

2055 1241 2182 1311 quia
2214 1240 2460 1311 plerique
2488 1242 2555 1295 de
2587 1239 2860 1310 Egyptiis
2889 1248 2942 1293 et
2974 1239 3224 1294 Idummis
3257 1237 3513 1307 proselyti
3541 1252 3633 1290 ac-

2055 1331 2332 1399 cipiebant
2359 1331 2516 1385 fidem
2552 1332 2778 1394 Christi,
2813 1339 3097 1400 propterea
3144 1329 3422 1398 Scriptura
3452 1327 3583 1381 dicit
3613 1344 3628 1381 :

2058 1420 2180 1473 Non
2200 1420 2590 1475 abominaberis
2614 1420 2952 1490 At'gyptium,
2970 1421 3221 1490 quoniam
3244 1419 3456 1472 adventu
3470 1421 3632 1472 έναινί

2055 1512 2108 1563 in
2141 1521 2281 1562 terra
2311 1507 2554 1578 Egypti,
2587 1518 2633 1561 et
2663 1506 2963 1561 Idumteum
2991 1546 3005 1571 ,
3033 1507 3157 1575 quia
3184 1505 3350 1574 frater
3385 1515 3504 1558 tuus
3531 1515 3630 1557 est.

2056 1599 2192 1653 Filii
2222 1600 2269 1652 si
2300 1599 2415 1652 nati
2460 1598 2653 1666 fuerint
2687 1598 2795 1662 eis,
2824 1598 2873 1650 in
2907 1597 3238 1666 generatione
3274 1596 3430 1648 tertia
3460 1595 3631 1673 intra-

2054 1689 2178 1742 bunt
2224 1689 2281 1740 in
2330 1686 2626 1741 Ecclesium
2672 1686 2770 1739 Dei
2794 1685 2835 1739 ⁸.
2884 1684 3061 1755 Atque
3109 1684 3183 1738 ita
3230 1683 3421 1751 fiebat,
3462 1693 3522 1738 ut
3562 1683 3630 1738 de

2054 1780 2309 1835 omnibus
2337 1778 2593 1848 gentibus
2621 1776 2867 1831 nonnulli
2903 1774 3159 1845 proselyti
3195 1774 3418 1840 tierent,
3447 1783 3500 1829 et
3527 1774 3637 1828 hoc.

376 1891 567 1930 manas
594 1850 861 1945 regerent.
890 1874 957 1929 Et
990 1850 1114 1931 cum
1156 1875 1349 1930 horum
1381 1850 1757 1948 unusquisque
1789 1893 1943 1933 suam
1977 1850 2019 1904 Β
2048 1874 2227 1942 ipsum
2260 1872 2488 1942 angelis,
2524 1870 2616 1940 qui
2650 1879 2838 1940 gentes
2870 1868 3143 1922 habebant
3172 1868 3442 1929 subditas,
3470 1866 3627 1920 adni-

375 1966 681 2021 custodiam
718 1974 1087 2033 conservaret,
1117 1947 1173 2021 et
1200 1967 1396 2022 diebus
1436 1982 1501 2023 ac
1530 1968 1784 2024 noctibus
1810 1970 1947 2038 vigi-

374 2055 493 2112 lans
528 2056 640 2126 jam
682 2056 924 2112 laborem
955 2056 1100 2113 ferre
1148 2048 1256 2114 non
1287 2070 1506 2129 posset,
1549 2068 1604 2115 et
1636 2060 1739 2115 hoc
1766 2071 1948 2133 ageret

375 2150 662 2216 industrie,
699 2142 758 2205 ut
786 2159 971 2221 gentes
1004 2165 1127 2221 quae
1164 2150 1268 2206 sibi
1311 2151 1531 2207 creditae
1563 2150 1811 2216 fuerant,
1841 2169 1947 2223 gu-

370 2242 647 2308 bcrnaret,
680 2242 896 2298 venisse
928 2244 1177 2313 angelum
1207 2251 1336 2299 nato
1363 2242 1614 2310 Domino,
1647 2255 1701 2299 et
1726 2260 1945 2300 annun-

369 2335 542 2388 tiasse
576 2334 905 2403 pastoribus,
939 2333 1084 2403 quod
1113 2348 1276 2389 verus
1309 2345 1454 2391 esset
1484 2343 1672 2404 pastor
1698 2345 1941 2390 exortus.

354 2422 536 2478 'Verbi
568 2427 763 2495 gratia.
795 2433 854 2478 ut
879 2425 944 2479 ad
973 2425 1281 2495 exemplum
1310 2425 1546 2488 veniam,
1575 2434 1689 2479 erat
1718 2426 1939 2496 quidam

372 2524 558 2585 pastor
592 2515 940 2581 Macedoniae,
982 2517 1071 2572 hic
1101 2516 1470 2571 necessarium
1516 2515 1749 2570 habebat
1784 2516 1941 2571 auxi-

373 2607 504 2660 lium
552 2606 815 2661 Domini:
863 2617 1144 2679 propterea
1195 2608 1447 2676 apparuit
1500 2608 1553 2661 in
1606 2608 1812 2664 somnis
1858 2609 1943 2663 vir

375 2697 598 2754 Macedo
626 2696 829 2762 Paulo,
869 2701 1091 2755 dicens:
1128 2699 1410 2756 Transiens
1433 2701 1487 2754 in
1536 2699 1900 2755 Macedoniam
1923 2740 1938 2764 ,

368 2791 567 2858 adjuva
596 2809 688 2847 nos
717 2793 756 2845 ".
791 2790 929 2858 Quid
959 2793 1026 2847 de
1053 2791 1223 2847 Paulo
1253 2794 1447 2863 loquar
1469 2794 1492 2847 2
1517 2808 1641 2848 cum
1688 2793 1802 2849 hinc
1829 2810 1939 2849 non

370 2875 573 2943 Paulo,
618 2880 711 2934 sed
751 2881 842 2950 qui
892 2881 946 2934 in
985 2880 1153 2937 Paulo
1185 2892 1332 2949 erat,
1370 2884 1587 2939 locutus
1632 2884 1703 2940 sit
1739 2883 1943 2940 Jesust

371 2967 617 3040 lndigent
653 2971 836 3041 itaque
863 2982 1108 3041 pastores
1134 2976 1422 3044 praesentia
1456 2975 1680 3032 Christi.
1734 2977 1941 3044 Quam-

362 3062 553 3114 obrem
600 3064 824 3133 angelus
867 3065 1147 3121 descendit
1185 3067 1253 3121 de
1289 3069 1449 3133 coelo,
1497 3078 1552 3123 et
1592 3071 1706 3125 ait:
1759 3070 1940 3126 Nolite

366 3153 570 3206 iuuere.
610 3150 743 3207 Ecce
771 3156 907 3208 enim
939 3158 1197 3209 annuntio
1231 3159 1372 3213 vobis
1393 3160 1643 3229 gaudium
1668 3178 1935 3231 magnum.
1966 3182 2010 3240 α

366 3240 506 3295 Vere
530 3244 784 3312 gaudium
811 3261 1090 3313 magnum,
1110 3248 1196 3304 his
1227 3249 1428 3319 quibus
1461 3250 1743 3306 hominum
1767 3253 1944 3308 fuerat

367 3342 423 3386 et
462 3335 865 3404 provinciarum
897 3354 1028 3393 cura
1076 3340 1373 3407 permissa,
1417 3340 1694 3397 Christum
1731 3345 1944 3401 venisse

362 3425 425 3478 in
463 3428 746 3482 mundum.
786 3426 1013 3482 Multum
1048 3430 1294 3485 utilitatis
1327 3433 1536 3499 accepit
1567 3436 1812 3503 angelus,
1846 3436 1941 3505 qui

369 3516 719 3584 dispensabat
749 3517 1033 3588 Aﬂgyptias
1065 3534 1184 3579 res,
1214 3529 1502 3588 postquam
1538 3520 1799 3578 Dominus
1840 3527 1940 3580 de-

364 3605 577 3658 scendit
599 3620 628 3658 e
648 3606 806 3669 crelo,
833 3614 891 3659 ut
918 3605 1155 3677 Egyptii
1179 3606 1474 3660 Christiani
1503 3609 1709 3664 notent.
1729 3610 1938 3667 Profuit

367 3698 421 3742 et
478 3691 730 3756 cunctis,
798 3693 891 3761 qui
948 3692 1192 3750 diversas
1240 3696 1552 3764 provincias
1605 3699 1938 3756 obtinebant.

369 3778 533 3835 Verbi
565 3796 753 3847 causa,
781 3784 996 3853 praesidi
1025 3782 1377 3855 Macedoniae,
1425 3790 1640 3858 praesidi
1684 3791 1937 3858 Achaiae,

367 3872 817 3943 reliquarumque
855 3875 1158 3944 regionum.
1203 3874 1389 3947 Neque
1428 3880 1572 3935 enim
1604 3880 1687 3936 fas
1710 3891 1795 3937 est
1817 3898 1939 3939 cre-

365 3960 496 4014 dere
545 3960 717 4015 malos
772 3963 993 4032 angelos
1048 3964 1165 4019 suis
1211 3981 1443 4034 praeesse
1499 3971 1831 4040 provinciis,
1885 3981 1939 4028 et

368 4048 544 4105 bonos
565 4066 671 4104 non
694 4052 910 4106 easdem
937 4055 1246 4122 provincias
1270 4057 1469 4113 habere
1492 4061 1805 4130 permissas.
1825 4063 1938 4121 Hoc

366 4151 548 4196 autem
584 4145 731 4213 quod
762 4143 828 4197 de
855 4143 1082 4214 singulis
1102 4148 1398 4215 provinciis
1430 4150 1581 4218 dicit,
1614 4162 1747 4222 puto
1772 4155 1934 4210 etiam

367 4233 436 4286 de
462 4233 733 4289 universis
769 4235 1081 4292 hominibus
1114 4238 1434 4307 generaliter
1463 4241 1661 4298 debere
1693 4245 1932 4301 credere.

368 4321 673 4394 Unicuique
705 4326 813 4380 duo
840 4327 1105 4393 assistunt
1134 4329 1310 4399 angeli
1349 4332 1492 4403 (32),
1523 4334 1658 4389 alter
1675 4334 1932 4405 justitiaz,

368 4415 504 4469 alter
556 4416 878 4486 iniquitatis.
934 4417 990 4473 Si
1047 4420 1204 4474 bona:
1255 4423 1611 4493 cogitationes
1666 4426 1720 4481 in
1773 4429 1936 4484 corde

2051 1964 2315 2018 tentibus.
2358 1961 2515 2017 Nunc
2550 1971 2731 2015 autem
2769 1959 2953 2029 populi
2985 1958 3323 2013 credentium
3360 1958 3631 2012 accedunt

2048 2055 2116 2109 ad
2168 2055 2329 2108 iidem
2374 2051 2502 2107 Iesu
2532 2093 2547 2118 ,
2582 2061 2636 2106 et
2682 2050 2859 2120 angeli
2911 2049 3111 2119 quibus
3156 2048 3378 2104 credita:
3425 2047 3630 2104 fuerint

2047 2145 2324 2209 Ecclesiae,
2356 2143 2597 2197 roborati
2630 2139 2918 2211 praesentia
2945 2138 3271 2205 Salvator-is,
3302 2138 3503 2193 multos
3529 2139 3627 2192 ad-

2045 2237 2254 2291 ducunt
2297 2233 2635 2304 proselytos,
2684 2240 2745 2286 ut
2779 2236 3182 2300 congregeutur
3219 2227 3272 2282 in
3305 2227 3455 2283 omni
3496 2227 3627 2281 orbe

2045 2325 2426 2382 conventicula
2474 2323 2932 2378 Christianorum.
2992 2320 3335 2389 Quapropter
3389 2333 3626 2372 consur-

2044 2429 2231 2489 gentes
2262 2417 2550 2472 laudemus
2595 2414 2888 2470 Dominum
2914 2453 2929 2478 ,
2964 2422 3016 2468 et
3051 2413 3246 2466 [lamus
3289 2425 3387 2480 pro
3419 2409 3625 2463 carnali

2044 2509 2212 2566 Israel
2237 2549 2252 2575 ,
2295 2508 2557 2580 spiritalis
2604 2506 2791 2562 Israel.
2833 2503 3230 2561 Benedicamus
3263 2500 3623 2570 omnipotenti

2045 2599 2156 2656 Deo
2177 2615 2361 2671 opere,
2381 2599 2730 2671 cogitatione,
2750 2611 3020 2662 sermone,
3049 2595 3102 2648 in
3121 2593 3342 2648 Christo
3363 2590 3515 2657 Jesu,
3536 2593 3623 2647 cui

2043 2704 2126 2748 est
2154 2691 2327 2763 gloria
2351 2700 2407 2747 et
2431 2691 2722 2761 imperium
2751 2689 2805 2743 in
2832 2688 3028 2743 saecula
3060 2686 3405 2741 saeculorum.
3425 2683 3619 2744 Amen,

2608 2801 2891 2858 IIOMILIA
2924 2798 3058 2853 XIII.

2043 2920 2122 2976 De
2154 2938 2212 2975 eo
2246 2922 2384 2992 quod
2420 2920 2677 2992 scriptum
2705 2928 2827 2971 est:
2861 2935 2878 2966 ι
2926 2914 3287 2992 Ειχαειαρδι
3339 2911 3622 2992 multitudo

2110 2982 2372 3046 exercitus
2403 2982 2623 3044 caelestis
2645 3029 2660 3052 ,
2703 3006 2722 3039 ι
2759 3002 2923 3054 usque
2948 2984 3016 3037 ad
3032 2982 3157 3054 eum
3185 2984 3358 3036 locum
3384 2982 3473 3035 ubi
3504 2983 3576 3034 ait
3602 2995 3620 3035 :

2119 3079 2138 3112 ι
2158 3061 2474 3115 Invenerunt
2494 3058 2727 3111 Mariam
2740 3066 2786 3110 et
2803 3053 2986 3109 Iesum
3000 3053 3232 3122 positum
3252 3056 3300 3107 in
3317 3069 3565 3123 prwsepe.
3597 3072 3614 3104 ι

2114 3130 2250 3198 Cap.
2283 3145 2344 3184 tt.

2101 3230 2368 3287 Dominus
2425 3240 2612 3287 noster
2635 3239 2797 3302 atque
2828 3231 3077 3287 Salvator
3101 3235 3343 3289 nascitur
3365 3236 3417 3290 in
3449 3235 3611 3292 Beth-

2029 3323 2229 3386 lehem,
2258 3333 2314 3379 et
2349 3323 2641 3378 multitudo
2670 3325 2906 3380 cmlestis
2930 3327 3201 3381 exercitus
3231 3328 3414 3382 laudat
3438 3329 3606 3384 Deum

2031 3423 2085 3469 et
2111 3403 2243 3469 dicit
2271 3431 2283 3466 :
2319 3415 2500 3471 Gloria
2529 3415 2585 3468 in
2610 3415 2824 3470 excelsis
2855 3416 2982 3481 Deo,
3019 3428 3066 3471 et
3094 3435 3252 3487 super
3278 3429 3473 3474 terram
3501 3436 3609 3488 pax

2030 3506 2322 3558 hominibus
2351 3506 2496 3558 bona:
2520 3505 2823 3559 voluntatis.
2855 3506 2981 3561 Haec
3007 3516 3187 3562 autem
3217 3510 3453 3579 loquitur
3477 3514 3609 3566 mul-

2031 3596 2202 3649 titudo
2226 3596 2462 3649 caelestis
2481 3595 2770 3659 exercitus,
2795 3597 2918 3665 quia
2935 3598 3046 3664 jam
3072 3599 3346 3656 defecerat
3367 3604 3527 3671 pratbt
3548 3620 3609 3659 re

2031 3686 2341 3742 hominibus
2384 3685 2674 3751 auxilium,
2707 3696 2763 3741 et
2807 3687 3020 3743 videbat
3052 3706 3111 3746 se
3141 3706 3279 3760 opus
3324 3695 3471 3762 quod
3502 3696 3605 3751 sibi

2029 3779 2293 3834 creditum
2326 3777 2522 3844 fuerat,
2564 3777 2790 3848 implere
2832 3794 2943 3832 non
2981 3797 3141 3850 posse
3171 3783 3375 3853 absque
3405 3800 3471 3840 eo
3512 3789 3605 3853 qui

2039 3889 2167 3929 vere
2199 3874 2413 3929 salvere
2441 3884 2688 3944 poterat,
2723 3884 2778 3929 et
2808 3874 3065 3943 praesules
3107 3888 3325 3942 quoque
3353 3874 3501 3942 ipsos
3524 3872 3615 3940 ju-

2042 3983 2203 4033 vare,
2266 3978 2324 4022 ut
2381 3966 2632 4021 homines
2683 3965 3047 4019 salvarentur.
3106 3962 3396 4029 Quomodo
3450 3964 3614 4033 igitur

2039 4060 2302 4129 scriptum
2349 4068 2432 4115 est
2484 4057 2537 4111 in
2585 4055 2877 4126 Evangelia
2898 4057 2941 4122 ',
2974 4055 3120 4124 quod
3170 4055 3392 4124 quidam
3444 4056 3612 4110 remis

2038 4149 2310 4204 sulcantes
2335 4162 2483 4202 mare
2504 4145 2769 4200 adversus
2796 4144 3103 4199 contrarios
3128 4152 3317 4199 ventos
3339 4144 3451 4212 jam
3482 4143 3610 4199 fessi

2036 4249 2227 4306 erant,
2262 4248 2316 4293 et
2365 4237 2553 4307 viginti
2587 4237 2867 4306 quinque,
2911 4235 3025 4290 sive
3052 4234 3275 4306 triginta
3306 4235 3495 4290 stadiis
3533 4235 3612 4289 la-

2037 4333 2329 4395 borantes,
2358 4336 2573 4398 portum
2616 4336 2799 4381 tenere
2832 4341 2943 4380 non
2994 4334 3280 4395 poterant,
3324 4335 3376 4380 et
3422 4335 3607 4395 postea

2039 4422 2304 4478 Dominus
2339 4416 2689 4487 supervenit,
2720 4426 2774 4471 et
2798 4416 3081 4486 quiescere
3125 4414 3256 4470 fecit
3291 4415 3487 4470 fluctus
3520 4425 3608 4470 tu-

368 4514 556 4559 nostro
583 4505 806 4571 fuerint,
834 4514 888 4562 et
918 4507 970 4560 in
998 4506 1179 4563 animo
1206 4509 1418 4579 justitia
1449 4512 1755 4582 pullularit,
1787 4515 1932 4569 haud
1965 4507 2009 4562 Ι)
2038 4519 2268 4573 mentes,
2296 4520 2597 4574 navemque
2627 4504 2785 4574 cujus
2812 4506 2940 4561 hinc
2966 4506 3090 4561 inde
3111 4505 3278 4560 latera
3308 4505 3608 4559 tondeban-

367 4594 593 4649 dubium
639 4597 770 4666 quin
817 4598 976 4654 nobis
1025 4599 1283 4668 loquatur
1325 4604 1548 4672 angelus
1582 4602 1817 4659 Domini.
1874 4604 1931 4660 Si

367 4700 499 4738 vero
528 4685 669 4740 mala
703 4685 902 4742 fuerint
930 4688 982 4742 in
1013 4698 1203 4745 nostro
1233 4691 1399 4746 corde
1428 4703 1659 4759 versata,
1692 4694 1932 4764 loquitur

368 4772 526 4828 nobis
550 4774 774 4843 angelus
807 4776 1027 4830 diaboli.
1063 4776 1350 4843 Quomodo
1374 4778 1534 4848 igitur
1564 4794 1659 4847 per
1685 4779 1929 4850 singulos

368 4865 616 4919 homines
639 4865 804 4937 946
825 4867 933 4921 bini
965 4877 1094 4922 sunt
1118 4869 1314 4939 angeli,
1344 4868 1424 4925 sic
1449 4870 1642 4939 opinor
1662 4881 1719 4926 et
1746 4872 1798 4925 in
1826 4872 1930 4927 sin-

351 4958 509 5026 gulis
534 4959 778 5027 dispares
804 4974 925 5013 esse
956 4960 1272 5028 provinciis,
1305 4970 1363 5015 ut
1396 4961 1506 5015 sint
1541 4972 1595 5016 et
1626 4961 1754 5017 boni
1775 5003 1791 5029 ,
1824 4963 1933 5018 sint

366 5060 421 5103 et
461 5050 609 5103 mali.
664 5048 823 5103 Verbi
867 5051 1039 5120 gratia
1066 5091 1082 5115 ,
1116 5051 1169 5105 in
1199 5051 1413 5121 Epheso
1455 5063 1673 5122 propter
1713 5069 1808 5109 eos
1836 5055 1928 5123 qui

367 5141 420 5193 in
456 5141 544 5194 illa
591 5140 724 5194 urbe
762 5150 1074 5210 peccatores
1103 5152 1280 5207 erant,
1326 5145 1547 5210 pessimi
1587 5146 1758 5214 angeli
1789 5163 1929 5216 prae-

367 5232 634 5286 sidebant.
668 5231 879 5286 Rursus
908 5233 1035 5301 quia
1069 5235 1226 5288 multi
1258 5243 1414 5289 erant
1443 5236 1725 5291 credentes
1755 5237 1808 5290 in
1842 5252 1929 5302 ea,

365 5331 484 5375 erat
505 5331 555 5376 et
576 5323 800 5391 angelus
824 5320 1081 5378 Ecclesiae
1110 5323 1489 5393 Ephesiorum,
1518 5327 1704 5397 utique
1733 5328 1925 5383 bonus.

365 5412 478 5465 Hoc
500 5423 678 5468 autem
704 5417 847 5482 quod
875 5415 940 5469 de
967 5415 1179 5497 Epheso
1201 5416 1456 5480 diximus,
1485 5433 1650 5486 super
1674 5419 1928 5473 omnibus

2040 4612 2146 4667 tur,
2180 4600 2249 4654 ab
2279 4597 2581 4652 imminenti
2611 4596 2926 4652 discrimine
2954 4596 3232 4663 liberavit;
3266 4597 3347 4650 sic
3373 4595 3607 4665 intelligo

2036 4691 2295 4761 quoniam
2323 4697 2373 4742 et
2402 4686 2577 4756 angeli
2606 4685 2859 4740 volebant
2883 4686 3101 4755 quidem
3130 4685 3444 4739 hominibus
3468 4699 3607 4754 prae-

2035 4784 2163 4838 bere
2188 4781 2476 4845 auxilium,
2493 4788 2547 4833 et
2571 4778 2652 4833 eis
2671 4778 2739 4832 ab
2764 4777 3207 4847 aegrotationibus
3229 4778 3345 4832 suis
3367 4777 3606 4831 tribuere

2039 4874 2323 4929 sanitatem
2345 4914 2358 4935 ,
2396 4871 2522 4940 quia
2557 4885 2732 4923 omnes
2769 4880 2889 4923 sunt
2928 4870 3253 4938 apparitores
3289 4869 3503 4935 spiritus
3548 4869 3605 4921 in

2037 4964 2390 5018 ministerium
2422 4962 2571 5015 missi
2600 4970 2811 5030 propter
2837 4977 2922 5015 eos
2950 4961 3040 5031 qui
3071 4962 3332 5015 consecuti
3359 4972 3477 5013 sunt
3510 4977 3602 5012 sa-

2035 5057 2197 5109 lutent
2224 5054 2303 5106 ¹⁰ε
2349 5053 2441 5121 qui
2476 5058 2740 5122 quantum
2782 5051 2835 5103 in
2876 5051 2991 5105 suis
3036 5051 3243 5104 viribus
3269 5060 3407 5114 erat,
3442 5049 3602 5117 adju-

2030 5147 2229 5201 vabant
2265 5144 2530 5199 homines.
2571 5141 2837 5197 Videbunt
2875 5151 3052 5196 autem
3088 5143 3260 5195 multo
3291 5141 3598 5194 inferiorem

2030 5255 2184 5295 suam
2210 5254 2329 5293 esse
2357 5235 2703 5300 medicinam,
2730 5250 2893 5303 quam
2918 5234 3133 5289 illorum
3163 5249 3290 5287 cura
3320 5233 3597 5302 poscebat.

2031 5329 2200 5383 Porro
2233 5335 2293 5381 ut
2341 5328 2407 5380 de
2450 5325 2698 5394 exemplo
2731 5324 2909 5394 possis
2952 5325 3248 5393 intelligere
3286 5322 3429 5391 quod
3464 5322 3600 5375 diei-

2030 5435 2175 5484 mus,
2208 5418 2329 5473 vide
2361 5417 2491 5471 mihi
2525 5417 2713 5470 urbem
2748 5415 2801 5469 in
2830 5430 2935 5484 qua
2966 5422 3223 5485 aegrotent
3264 5412 3504 5483 plurimi,
3544 5422 3600 5466 et

437 5526 655 5603 f_I_Cor.
678 5545 766 5603 ill,
795 5531 848 5586 9.
916 5531 962 5563 "
984 5529 1142 5586 Joau.
1174 5549 1228 5589 κ.
1286 5532 1306 5563 ⁸
1331 5533 1527 5603 Ephes.
1568 5549 1643 5597 IV,
1665 5533 1720 5588 ll
1743 5573 1759 5598 ,
1793 5532 1876 5588 12.

2043 5541 2109 5588 ct.
2142 5549 2252 5596 xvi,
2284 5533 2339 5588 9.
2407 5530 2605 5587 “Deut.
2627 5543 2781 5594 uin,
2814 5528 2865 5593 7,
2888 5531 2940 5581 8.
3017 5526 3255 5582 ’Joann.
3287 5540 3360 5595 vt,
3391 5525 3474 5590 l9,
3501 5524 3592 5581 il.

365 5598 408 5631 ⁸ο
436 5598 639 5662 IIebr.I,
669 5600 756 5654 M.

437 5691 549 5761 (32)
579 5691 651 5745 De
692 5693 899 5762 angelis
922 5694 1207 5747 hominum
1245 5692 1759 5762 provinciarumque
1798 5692 2058 5748 custodiat
2101 5688 2370 5762 praefectis
2408 5707 2474 5746 ex
2503 5689 2768 5762 _Origenis
2810 5689 3076 5746 sententia
3130 5687 3249 5760 (qui
3287 5697 3462 5744 tamen
3522 5687 3600 5745 si-

362 5758 538 5815 bimet’
555 5776 745 5831 parum
771 5758 1032 5819 constans
1067 5763 1203 5833 fuit)
1234 5758 1476 5817 dicemus
1503 5758 1919 5831 paulo'inl'erius
1954 5762 2021 5818 ad
2061 5758 2252 5816 ltomil.
2281 5760 2352 5815 225
2377 5769 2431 5816 et
2462 5760 2553 5814 55.
