4084 6302
466 305 593 360 1351

1920 306 2246 364 οιὶιῦΕΝιε

3583 317 3726 372 1513?.

460 422 795 477 medicorum
815 421 1069 491 frequens
1092 420 1417 476 adhibeatur
1441 438 1666 478 manus:
1691 424 1802 479 sint
1823 424 2038 480 diversa
2067 432 2111 485 Α
2142 437 2352 495 patens.
2392 426 2456 482 Et
2486 427 2763 498 quomodo
2796 428 2957 483 homo
2988 428 3034 484 si
3065 428 3415 484 commissam
3454 429 3563 485 sibi
3606 433 3724 499 dis-

461 513 707 579 vulnera,
742 512 983 581 quotidie
1015 513 1069 564 in
1100 520 1406 566 emortuam
1433 528 1653 568 carnem
1684 530 1910 585 Serpens
1937 532 2038 585 pu-

462 606 614 659 tredo
641 613 917 672 penetret:
946 612 1000 656 et
1027 614 1205 657 tamen
1231 605 1424 660 medici
1449 606 1542 675 qui
1569 606 1795 661 adhibiti
1820 618 1949 662 sunt
1969 608 2036 661 ad

460 694 788 758 curandum,
809 704 1083 764 nequeant
1104 695 1211 749 alia
1232 696 1372 749 ultra
1396 696 1638 752 invenire
1655 699 2036 762 medicamina,

459 796 513 840 et
550 786 684 840 artis
714 800 827 840 suae
872 786 1100 840 scientia
1155 788 1582 857 magnitudinem
1614 789 1741 843 mali
1779 790 2035 855 vincere;

460 893 583 929 cum
622 878 735 931 tneo
776 877 829 931 in
870 878 1068 931 talibus
1097 878 1239 932 nacti
1284 879 1429 942 sint,
1473 881 1688 935 eveniat
1718 881 1915 951 aliquis
1951 897 2038 935 ar-

461 969 671 1023 chiater
697 969 790 1038 qui
827 969 1022 1023 haheat
1056 985 1328 1025 summam
1364 971 1415 1023 in
1439 981 1554 1026 arte
1582 973 1851 1037 notitiam,
1882 987 1933 1026 et
1961 973 2035 1026 illi

456 1062 551 1129 qui
605 1061 756 1130 prius
804 1065 1001 1118 sanare
1050 1063 1412 1132 nequiverant
1457 1076 1741 1119 cernentes
1792 1064 2037 1135 magistri

457 1167 622 1206 manu
655 1154 969 1222 putredines
1002 1170 1221 1211 cessare
1254 1155 1561 1221 vulnerum,
1597 1171 1704 1209 non
1739 1156 2036 1222 invideant,

458 1257 567 1295 non
605 1243 773 1298 livore
807 1246 1155 1309 crucientur,
1184 1247 1277 1301 sed
1321 1248 1374 1300 in
1407 1248 1597 1302 laudes
1625 1258 1913 1316 erumpant
1942 1264 2033 1301 ar-

457 1332 675 1397 cliiatri,
699 1342 755 1387 et
789 1336 1085 1402 przedicent
1114 1334 1281 1389 Deum
1312 1336 1407 1405 qui
1429 1344 1483 1390 et
1513 1334 1615 1390 sibi
1639 1345 1693 1390 et
1723 1337 2038 1406 aegrotanti-

459 1423 562 1477 bus
583 1434 744 1479 tantae
769 1426 1009 1480 scientia:
1045 1426 1322 1481 hominem
1355 1427 1585 1481 miserit.
1638 1426 1694 1481 ln
1736 1427 1878 1483 hanc
1909 1443 2039 1499 ergo

458 1516 872 1577 similitudinem
936 1525 991 1571 et
1045 1517 1343 1571 multitudo
1395 1519 1672 1573 exercitus
1717 1519 2035 1589 angelorum

458 1608 641 1662 audita
672 1617 755 1662 est
784 1608 1008 1664 dicens:
1049 1607 1233 1663 Gloria
1270 1611 1322 1663 in
1359 1610 1578 1664 excelsis
1620 1611 1757 1675 Deo,
1799 1622 1849 1666 et
1880 1629 2037 1681 super

460 1709 656 1752 terram
681 1716 788 1769 pax
810 1700 862 1753 in
896 1700 1195 1755 hominibus
1224 1701 1371 1755 beate
1403 1702 1711 1756 roluntatis.
1736 1701 2033 1773 Postquam

457 1790 602 1843 enim
644 1793 905 1845 Dominus
951 1793 1100 1846 venit
1144 1793 1211 1846 ad
1267 1802 1504 1854 terram.
1547 1809 1732 1863 pacem
1774 1796 1900 1850 fecit
1946 1810 2038 1864 per

459 1885 781 1951 sanguinem
818 1887 999 1940 erucis
1046 1901 1180 1949 sum,
1230 1886 1342 1940 sive
1389 1900 1577 1940 eorum
1610 1903 1729 1957 quae
1790 1889 1842 1942 iu
1893 1899 2038 1945 terra

458 1980 635 2037 erant,
657 1974 771 2027 sive
797 1990 987 2028 eorum
1021 1992 1143 2045 «ιιιτθ
1174 1978 1226 2030 in
1260 1977 1418 2031 cmlis
1452 1979 1513 2029 “.
1542 1977 1822 2047 Siquidem
1852 1980 2039 2035 volen-

462 2073 542 2116 tcs
568 2065 743 2132 angeli
770 2073 825 2119 ut
856 2067 1278 2121 recordarcntur
1321 2068 1571 2122 homines
1619 2069 1885 2123 creatoris
1928 2071 2036 2136 sui,

460 2168 584 2206 cum
616 2153 876 2209 fecissent
906 2158 1088 2211 omnia
1123 2173 1245 2226 qua:
1295 2158 1346 2211 in
1381 2160 1497 2214 suis
1529 2160 1732 2214 viribus
1756 2169 1932 2223 erant,
1981 2169 2042 2214 ut

462 2256 812 2311 sanarentur,
849 2255 902 2301 et
950 2249 1253 2303 noluissent
1294 2250 1368 2303 illi
1414 2252 1681 2320 respicere
1724 2252 2038 2320 sanitatem,

461 2347 694 2391 cernunt
731 2354 853 2392 cum
886 2339 979 2408 qui
1010 2356 1207 2394 sanare
1232 2343 1427 2411 potuit,
1459 2352 1512 2397 et
1559 2344 1927 2413 gloriﬁcantes
1965 2345 2042 2400 di-

459 2438 594 2482 cunt
630 2443 645 2480 :
702 2428 885 2482 Gloria
934 2431 990 2482 in
1020 2432 1240 2486 excelsis
1273 2432 1378 2486 Deo
1430 2444 1478 2487 et
1510 2451 1666 2504 super
1693 2445 1886 2488 terram
1909 2451 2041 2505 paro.

462 2518 703 2589 Diligens
732 2520 1029 2588 Scriptura:
1065 2522 1235 2576 lector
1264 2524 1504 2593 inquirat
1536 2526 1815 2594 quomodo
1847 2526 2038 2582 Salva—

462 2618 548 2662 tor
577 2609 818 2679 loquitur
854 2612 897 2642 “
933 2629 945 2664 :
981 2610 1102 2665 Non
1140 2615 1252 2667 veni
1284 2631 1467 2684 pacein
1508 2618 1712 2671 mittere
1749 2634 1903 2687 super
1937 2630 2041 2675 ter-

464 2718 602 2766 ram,
642 2701 731 2754 sed
767 2701 1026 2770 gladium,
1057 2714 1111 2757 et
1141 2720 1286 2759 nunc
1311 2707 1486 2776 angeli
1524 2709 1579 2761 in
1611 2708 1731 2779 ejus
1762 2710 2042 2766 nativitate

464 2793 786 2859 decantant,
816 2809 973 2860 super
995 2806 1193 2848 terram
1227 2811 1355 2866 pax.
1409 2796 1688 2868 Siquidem
1732 2810 1786 2855 et
1833 2802 1886 2855 iu
1935 2804 2041 2858 alio

465 2886 586 2939 loco
630 2901 695 2938 ex
745 2901 978 2955 persona
1021 2887 1194 2956 ipsius
1233 2889 1471 2963 dicitur:
1522 2878 1719 2949 Pacem
1770 2910 1937 2948 meam
1973 2895 2041 2949 do

464 2976 628 3039 vobis,
661 2991 840 3044 pacem
875 2976 1110 3046 relinquo
1139 2977 1301 3032 vobis.
1346 2977 1468 3032 Non
1507 2981 1644 3034 sicut
1688 2984 1913 3037 mundus
1945 2985 2042 3038 iste

463 3072 557 3121 dat
583 3084 786 3137 pacem,
819 3084 910 3136 ego
941 3068 1009 3120 do
1039 3084 1221 3138 pacem
1251 3070 1314 3124 ⁸³.
1349 3071 1539 3127 Videat
1571 3089 1701 3145 ergo
1730 3078 1877 3144 quod
1905 3075 2043 3131 infe-

464 3161 660 3224 rimus,
696 3175 763 3213 an
798 3160 972 3228 possit
1006 3162 1215 3216 solvere
1256 3165 1635 3232 quiestionem.
1681 3165 1738 3220 Si
1779 3169 2038 3237 scriptum

463 3264 629 3317 esset,
672 3268 827 3320 super
879 3262 1075 3305 terram
1115 3268 1245 3322 pax,
1274 3263 1329 3309 et
1363 3255 1645 3324 hucusque
1695 3268 1841 3313 esset
1888 3260 2041 3314 tinita

464 3344 753 3408 sententia,
791 3354 934 3398 recte
962 3347 1191 3413 quaestio
1243 3356 1578 3402 nasceretur.
1623 3346 1780 3404 Nunc
1830 3366 1956 3405 vero
1987 3353 2043 3406 in

465 3449 534 3489 eo
564 3435 705 3503 quod
744 3433 989 3488 additum
1013 3444 1116 3500 est,
1149 3435 1252 3489 hoc
1268 3444 1375 3501 est,
1405 3438 1544 3505 quod
1573 3448 1694 3507 post
1737 3455 1924 3509 pacem
1959 3441 2045 3495 di-

467 3529 632 3595 citur,
653 3531 708 3582 in
733 3528 1030 3581 hominibus
1064 3526 1212 3581 bona:
1232 3526 1518 3582 voluntatis
1538 3530 1674 3601 (35),
1709 3530 1872 3585 solvit
1895 3547 2046 3601 quae-

468 3620 721 3674 stionem.
758 3618 867 3672 Patt
902 3618 1044 3672 enim
1077 3633 1241 3687 quatit
1279 3633 1385 3672 non
1432 3620 1525 3673 dat
1572 3619 1834 3676 Dominus
1879 3638 2046 3691 super

468 3721 686 3774 terram,
719 3724 824 3764 non
858 3715 942 3762 est
970 3722 1072 3767 pax
1115 3709 1273 3761 bonae
1314 3708 1634 3763 voluntatis.
1670 3707 1856 3779 Neque
1897 3712 2041 3765 enim

466 3803 543 3856 ait
570 3802 907 3870 simpliciter,
963 3798 1084 3851 Non
1136 3800 1249 3852 veni
1287 3816 1469 3868 pacem
1521 3802 1755 3864 mittere,
1785 3802 1879 3855 sed
1918 3817 2042 3856 cum

465 3894 861 3961 additamenta,
891 3910 1046 3964 super
1066 3902 1262 3946 terrain
1287 3908 1306 3946 :
1335 3907 1511 3962 neque
1541 3892 1853 3946 econtrario
1885 3893 2041 3958 dixit,

472 3984 594 4040 Non
618 3985 729 4038 veni
747 4000 927 4053 pacem
954 3985 1161 4037 mittere
1178 3998 1334 4052 super
1360 3992 1556 4035 terram
1573 3982 1871 4036 hominibus
1895 3982 2045 4038 bona:

469 4075 779 4131 voluntatis.
818 4073 943 4129 Haec
974 4072 1137 4145 947
1172 4073 1338 4127 locuti
1367 4081 1495 4127 sunt
1539 4072 1714 4141 angeli
1751 4073 1817 4126 ad
1863 4083 2046 4141 pasto-

469 4182 576 4231 res,
610 4167 703 4235 qui
745 4180 850 4220 non
886 4166 1061 4220 solum
1095 4178 1163 4218 eo
1211 4172 1454 4232 tempore
1505 4163 1908 4232 loquebantur,
1947 4164 2043 4217 sed

469 4274 645 4327 usque
676 4257 836 4312 hodie
871 4257 975 4311 nisi
1010 4256 1173 4310 locuti
1214 4253 1418 4307 fuerint
1455 4255 1521 4306 ad
1557 4263 1821 4323 pastores,
1860 4265 1914 4308 et
1946 4269 2044 4308 sua

466 4350 549 4404 eis
575 4364 740 4418 Opera
768 4347 1098 4418 copularint,
1131 4345 1330 4400 dicitur
1361 4346 1427 4398 ad
1467 4360 1563 4399 eos
1594 4363 1606 4398 :
1639 4344 1762 4398 ftisi
1791 4345 2042 4398 Dominus

467 4441 808 4509 ludiﬁcaverit
830 4441 1066 4502 domum,
1094 4439 1149 4490 in
1177 4452 1369 4491 vanum
1397 4434 1767 4488 laboraverunt
1797 4437 1885 4504 qui
1910 4436 2040 4489 aedi-

468 4533 628 4598 ﬁcant
659 4547 795 4584 eam.
842 4529 967 4583 Nisi
999 4529 1258 4583 Dominus
1300 4529 1611 4581 custodierit
1649 4529 1943 4591 civitatem,
1986 4530 2039 4579 in

469 4639 658 4677 ranam
702 4621 965 4675 laborabit
1002 4623 1091 4692 qui
1132 4621 1365 4675 custodit
1411 4636 1527 4674 eam
1571 4617 1637 4675 η.
1676 4619 1734 4672 Si
1783 4620 2040 4673 audacter

453 4733 517 4769 ex
538 4715 686 4785 pedit
718 4715 865 4783 loqui
900 4713 1309 4783 Scripturarum
1356 4727 1576 4768 sensum
1629 4710 1904 4780 sequenti,
1948 4725 2041 4777 per

454 4806 712 4875 singulas
744 4804 1017 4859 Ecclesias
1041 4804 1153 4873 (Si)
1184 4804 1298 4857 bini
1337 4806 1465 4857 sunt
1492 4803 1751 4871 episcopi,
1784 4801 1924 4855 alius
1956 4799 2039 4852 vi-

451 4899 668 4962 sibilis,
702 4898 842 4952 alius
878 4897 1200 4952 invisibilis:
1240 4896 1329 4950 ille
1359 4896 1498 4951 visui
1527 4895 1729 4956 carnis,
1748 4894 1835 4947 hic
1853 4892 2036 4947 sensui

545 5039 586 5072 ³¹
617 5037 828 5093 Coloss.
866 5052 904 5100 ι,
954 5036 1045 5091 20.

473 5111 520 5143 “
547 5108 651 5165 lsa.
695 5125 732 5175 ι,
771 5107 823 5161 5.

545 5206 659 5275 (3'5)
690 5200 1070 5275 Genebrardus
1097 5200 1171 5275 ait
1201 5197 1403 5275 :‘Legit
1445 5211 1573 5275 ergo
1613 5194 1872 5275 Origenes
1917 5211 2041 5250 cum

473 5266 703 5342 Latinis,
734 5275 881 5328 bona:
903 5270 1203 5334 voluntatis,
1228 5266 1350 5322 'noti
1379 5275 1435 5320 ιιι
1456 5267 1684 5321 Graeculi
1708 5307 1723 5333 ,
1759 5266 1894 5319 bona
1941 5282 2030 5319 vo-

473 5349 672 5486 (alisalis).
692 5413 891 5468 Demus
917 5409 1224 5486 Adamantii
1254 5405 1493 5477 ingenio,
1522 5406 1675 5476 quod
1720 5407 1791 5461 ita
1834 5406 2044 5472 Apoca-

475 5481 795 5557 lypsiscap.
846 5483 1130 5557 stnloeuin
1183 5481 1607 5557 interpretetur,
1651 5489 1713 5557 _et
1763 5490 2039 5546 geminum

477 5547 704 5623 singulis
736 5547 993 5623 Ecclesiis
1016 5551 1329 5623 episcopum
1350 5548 1590 5623 deputet,
1614 5547 1843 5623 alterum
1878 5561 2039 5611 aspe-

474 5616 750 5683 ctalsilem,
780 5622 1006 5673 alterum
1043 5623 1145 5671 sub
1174 5616 1358 5671 oculos
1381 5616 1695 5685 tieutiquam
1731 5616 2033 5675 cadentem,

476 5695 619 5763 quod
647 5692 875 5746 inferius
913 5689 1098 5744 honid.
1133 5688 1205 5741 ‘25
1228 5690 1449 5757 replicat
1485 5696 1579 5741 ειη
1622 5687 1751 5741 illud
1790 5685 1876 5755 pio
1919 5685 2036 5738 uui-

1151 5039 1192 5069 ¹²
1226 5036 1409 5097 Matth.
1452 5052 1514 5102 Χ,
1585 5035 1673 5089 54.

1782 5033 1826 5064 ⁸³
1871 5032 2031 5092 Joan.
2064 5030 2287 5101 xrv,%7.
2365 5027 2438 5100 ,ι’
2465 5023 2608 5080 Psal.
2649 5034 2854 5087 cxxvn,
2897 5018 2948 5071 l.

2139 519 2519 587 pensationem
2557 520 2697 573 bene
2748 520 2952 590 egerit,
2992 519 3248 574 laudatur
3285 538 3315 574 a
3351 519 3583 576 Domino
3620 537 3633 572 :
3674 523 3722 577 si

2141 610 2302 673 male,
2332 611 2505 680 eulpae
2532 619 2589 665 et
2617 612 2748 665 vitio
2772 611 3053 682 subiacet;
3081 612 3161 668 sic
3188 621 3243 667 et
3283 613 3530 679 angelus.
3569 614 3721 668 Seri-

2139 710 2291 771 ptum
2327 712 2411 758 est
2451 704 2596 758 enim
2653 703 2706 757 in
2747 704 3072 775 Apocalypsi
3100 702 3363 758 Joannis:
3411 702 3514 759 Sed
3556 705 3720 757 habes

2139 794 2213 846 ibi
2244 795 2459 847 nomina
2490 810 2663 863 pauca
2707 810 2824 864 qua:
2867 793 3165 863 polluerunt
3207 792 3378 858 illud,
3413 793 3495 847 vel
3559 792 3719 848 illud.

2143 885 2205 939 Et
2235 901 2475 942 rursus:
2517 884 2691 939 Habes
2713 887 2788 939 ibi
2823 887 2915 955 qui
2962 886 3261 938 doctrinam
3316 884 3719 940 Nicolaitarum

2138 978 2359 1031 doceant
2398 977 2484 1030 ¹⁵;
2528 992 2592 1032 ac
2637 977 2832 1032 deinde
2861 976 3027 1031 habes
3074 975 3163 1029 illa
3216 975 3299 1031 vel
3356 975 3446 1029 illa
3491 984 3717 1044 peccata

2140 1067 2443 1132 facientes,
2507 1074 2562 1120 et
2619 1075 2948 1121 accusantur
2997 1065 3173 1134 angeli
3202 1105 3218 1125 .
3266 1064 3466 1133 quibus
3494 1064 3721 1118 credita:

2141 1164 2270 1210 sunt
2317 1154 2591 1210 Ecclesiae.
2629 1153 2686 1208 Si
2744 1163 2927 1208 autem
2976 1153 3185 1223 angelis
3240 1153 3547 1209 sollicitudo
3602 1162 3714 1217 est,

2138 1246 2415 1315 quomodo
2441 1245 2698 1300 Ecclesia:
2730 1244 3119 1314 gubernentur,
3143 1244 3272 1314 quid
3300 1257 3521 1300 necesse
3543 1243 3715 1296 estde

2140 1335 2454 1390 hominibus
2505 1337 2730 1401 dicere,
2764 1345 3027 1404 quantum
3084 1344 3285 1389 metum
3345 1332 3599 1394 habeant,
3653 1339 3715 1385 ut

2139 1428 2354 1498 possint
2382 1443 2505 1481 cum
2528 1427 2736 1498 angelis
2758 1425 3130 1481 laborantibus
3150 1425 3459 1480 laborantes
3479 1423 3713 1478 salutem

2141 1517 2567 1590 conscqui?Ego
2592 1527 2723 1587 puto
2746 1516 2979 1572 inveniri
3007 1515 3160 1572 simul
3190 1529 3349 1584 posse
3379 1524 3432 1568 et
3456 1512 3712 1583 angelum

2138 1617 2193 1661 et
2224 1610 2498 1663 hominem
2534 1609 2710 1664 bonos
2747 1606 3002 1662 Ecclesiae
3033 1606 3337 1677 episcopos,
3367 1614 3419 1658 et
3446 1604 3715 1673 quodam-

2144 1703 2306 1757 modo
2338 1703 2501 1756 unius
2522 1702 2702 1771 operis
2722 1715 2843 1756 esse
2862 1699 3174 1769 participes.
3191 1696 3346 1763 Quod
3370 1711 3495 1751 cum
3518 1695 3592 1748 ita
3616 1694 3711 1758 sit,

2142 1805 2391 1862 petamus
2406 1795 2833 1864 omnipotentem
2861 1791 3048 1857 Deum,
3077 1798 3133 1844 ut
3162 1788 3336 1858 angeli
3355 1795 3411 1842 et
3439 1785 3711 1845 homines.

2142 1885 2510 1941 Ecclesiarum
2561 1882 2837 1953 episcopi,
2885 1882 3201 1951 adjumento
3248 1879 3359 1934 sint
3416 1876 3602 1939 nobis,
3660 1883 3717 1930 et

2142 1979 2382 2035 sciamus
2398 1976 2659 2049 quoniam
2691 1975 2907 2044 utrique
2927 1988 3027 2046 pro
3054 1971 3212 2027 nobis
3242 1985 3273 2024 a
3311 1969 3538 2024 Domino
3563 1967 3717 2038 judi-

2140 2079 2353 2126 centur.
2391 2067 2548 2134 Quod
2576 2066 2622 2122 si
2653 2065 2727 2120 illi
2758 2063 3223 2131 lueriutjudicati,
3253 2071 3308 2116 et
3336 2061 3525 2116 vitium
3550 2072 3717 2129 atque

2142 2167 2427 2231 peceatum
2464 2173 2570 2211 non
2599 2156 2651 2210 in
2680 2170 2872 2211 eorum
2907 2152 3136 2218 incuria,
3164 2152 3257 2207 sed
3292 2151 3344 2205 in
3393 2161 3575 2206 nostra
3618 2164 3716 2204 ne-

2142 2252 2399 2323 gligentia
2455 2249 2621 2305 fuerit
2681 2251 2991 2310 inventum,
3047 2259 3148 2299 nos
3209 2258 3502 2313 arguemur
3552 2252 3715 2309 atque

2143 2346 2458 2412 plectemur.
2511 2340 2623 2396 lllis
2668 2340 2812 2394 enim
2853 2337 3107 2391 universa
3141 2333 3483 2397 facientibus,
3518 2344 3570 2386 et
3615 2346 3715 2401 pro

2144 2443 2333 2490 nostra
2368 2434 2544 2489 salute
2590 2429 2923 2494 nitentibus,
2953 2442 3054 2483 nos
3105 2426 3455 2481 nihilominus
3499 2439 3531 2478 a
3583 2438 3715 2492 pec-

2144 2529 2282 2586 catis
2312 2526 2642 2582 vacabimus.
2677 2522 2849 2577 Porro
2881 2519 3191 2589 frequenter
3217 2517 3412 2580 evenit,
3460 2526 3519 2571 ut
3550 2516 3715 2570 nobis

2145 2620 2542 2681 laborantibus,
2570 2616 2645 2671 illi
2675 2630 2835 2670 suum
2865 2610 3101 2665 cilicium
3131 2624 3237 2663 non
3270 2607 3520 2679 expleant
3566 2614 3622 2660 et
3656 2605 3715 2661 in

2144 2713 2321 2784 culpis
2355 2712 2481 2767 sint.
2518 2708 2586 2763 Et
2619 2708 2820 2777 factum
2848 2714 2946 2770 est,
2974 2702 3172 2772 inquit,
3212 2714 3327 2753 cum
3360 2698 3614 2755 abiissent
3645 2701 3713 2784 ab

2145 2811 2221 2861 eis
2268 2804 2442 2874 angeli
2488 2802 2545 2858 iit
2594 2799 2771 2859 enatos,
2812 2808 3047 2865 pastores
3078 2794 3323 2849 dixerunt
3354 2790 3422 2847 ad
3451 2792 3669 2845 invicem
3691 2804 3712 2844 :

2149 2897 2499 2951 Transeamus
2515 2908 2674 2963 usque
2697 2888 3018 2955 Bethlehem,
3035 2896 3084 2942 et
3108 2887 3375 2943 videamus
3389 2885 3483 2937 hoc
3504 2883 3714 2938 verbum

2144 2975 2282 3060 quod
2309 2990 2511 3058 factum
2539 2996 2635 3049 est,
2658 2983 2795 3054 quod
2823 2981 3076 3035 Dominus
3105 2979 3332 3033 ostendit
3352 2976 3524 3033 'ttobis.
3552 2973 3715 3028 Vene-

2071 3105 2114 3162 ο
2147 3091 2267 3136 runt
2294 3079 2624 3148 tertianam.
2655 3089 2700 3128 et
2725 3077 3028 3128 invenerunt
3070 3070 3301 3124 Mariam
3344 3076 3396 3122 et
3428 3066 3613 3135 Ioseph
3663 3074 3715 3122 et

2142 3173 2386 3227 Puerum.
2421 3169 2558 3236 Quia
2591 3167 2909 3221 festinantes
2932 3170 3211 3226 venerant,
3241 3169 3296 3216 et
3325 3175 3433 3214 non
3465 3161 3714 3228 pedetenv

2146 3262 2265 3323 tim,
2300 3271 2470 3327 neque
2493 3255 2635 3310 fesso
2656 3254 2847 3326 gradu,
2876 3253 2996 3309 ideo
3030 3252 3353 3304 invenerunt
3383 3245 3582 3316 Joseph
3605 3246 3719 3299 dis.

2146 3358 2487 3420 pensatorem
2532 3355 2685 3401 ortus
2719 3342 3008 3405 Dominici,
3046 3350 3099 3395 et
3130 3339 3352 3397 Mariam
3378 3354 3500 3408 qua:
3529 3335 3714 3394 Jesum

2147 3438 2283 3496 fudit
2315 3437 2367 3489 iu
2411 3443 2663 3504 partum,
2702 3440 2755 3485 et
2791 3430 2965 3501 ipsum
2995 3427 3621 3497 Salvatoremjacentem
3661 3426 3716 3482 in

2147 3529 2426 3601 praesepio.
2475 3525 2612 3579 lllud
2654 3533 2792 3589 erat,
2827 3523 2893 3577 de
2933 3538 3042 3591 quo
3081 3521 3344 3592 propheta
3390 3519 3718 3573 vaticinatus

2145 3633 2228 3677 est
2259 3621 2481 3675 dicens:
2518 3616 2768 3687 Cognovit
2798 3616 2887 3669 bos
2919 3629 3268 3686 possessorem
3305 3628 3482 3675 suum,
3518 3620 3564 3663 et
3600 3609 3715 3662 asi~

2147 3730 2243 3767 nus
2273 3727 2498 3780 prtesepe
2538 3709 2737 3766 domini
2779 3706 2883 3761 sui.
2917 3705 3022 3760 Bos
3060 3703 3262 3759 animal
3295 3702 3559 3759 mundum
3607 3710 3714 3765 est,

2147 3804 2336 3856 asinus
2353 3798 2557 3855 animal
2585 3796 2945 3853 immundum.
2967 3793 3232 3864 Cognovit
3259 3791 3446 3844 asinus
3472 3804 3719 3859 praesepe

2137 3880 2361 3948 domini.
2412 3888 2518 3941 sui.
2556 3883 2674 3942 Non
2709 3883 2942 3955 populus
2989 3880 3155 3937 Israel
3191 3879 3441 3951 cognovit
3475 3894 3720 3949 prassepe

2134 3982 2342 4041 domini
2403 3979 2526 4044 sui,
2568 3976 2662 4033 sed
2703 3974 3045 4031 immundum
3095 3971 3295 4030 animal
3324 3986 3390 4025 ex
3440 3970 3714 4042 gentibus.

2148 4071 2319 4125 Israel
2346 4086 2461 4125 vero
2490 4082 2691 4121 menon
2715 4065 2976 4135 cognovit,
3005 4073 3053 4117 et
3075 4061 3302 4133 populus
3335 4076 3477 4113 meus
3504 4076 3584 4112 me
3612 4076 3718 4118 non

2146 4161 2406 4215 intellexit
2441 4160 2504 4211 ’⁸.
2535 4157 2896 4227 lntelligentes
2931 4158 3032 4210 hoc
3053 4169 3312 4226 pra-sepe,
3347 4155 3582 4206 nitamur
3618 4168 3717 4206 eo-

2144 4245 2409 4327 gnoscere
2441 4249 2756 4314 Dominum,
2781 4256 2834 4302 et
2859 4249 3005 4317 digni
3032 4246 3146 4301 fieri
3169 4245 3393 4300 scientia
3422 4245 3540 4313 ejus
3563 4284 3578 4309 ,
3621 4258 3717 4296 asv

2149 4362 2366 4401 sumere
2394 4358 2613 4414 quoque
2647 4341 2986 4397 nativitatem
3027 4350 3079 4393 et
3110 4336 3561 4392 resurrectionem
3592 4349 3720 4387 cars-

2083 4430 2125 4484 Ι)
2151 4441 2234 4495 nis
2262 4439 2403 4508 ejus,
2446 4436 2539 4491 sed
2568 4444 2621 4489 et
2667 4432 2925 4503 inclytum
2971 4444 3035 4485 ac
3077 4428 3376 4485 secundum
3419 4426 3717 4495 maiestatis

2147 4533 2267 4601 ejus
2300 4531 2615 4592 adventum,
2652 4525 2740 4578 cui
2768 4532 2852 4578 est
2883 4523 3055 4593 gloria
3091 4530 3146 4578 et
3179 4519 3464 4591 imperium
3521 4519 3575 4573 in
3618 4533 3720 4581 sies-

2147 4623 2271 4680 cula
2305 4620 2651 4678 saeculorum.
2691 4615 2884 4670 Amen.

2897 4797 2967 4814 -ν

3058 5017 3101 5048 ¹⁵
3128 5016 3297 5084 Apoc.
3328 5009 3496 5077 "1,4;
3530 5024 3589 5074 tt,
3629 5009 3715 5069 t5.

2147 5196 2346 5264 cuique
2376 5188 2772 5264 repudiandum
2802 5185 3044 5264 omnino
3071 5189 3167 5264 est“
3182 5187 3342 5264 atque
3370 5192 3400 5264 a
3431 5175 3725 5264 ρας-ψῃ

2132 5245 2490 5333 {saluauit
2508 5261 2670 5331 paulo
2716 5268 2842 5333 po~t
2871 5254 3053 5333 subdit
3080 5294 3113 5333 ,_
3144 5245 3470 5333 frequenter
3499 5245 3722 5333 evenire

2147 5318 2320 5388 bonos
2342 5318 2597 5387 custodes
2626 5318 2870 5399 ang-elos,
2906 5325 3064 5399 nobis
3084 5318 3720 5399 '_laboraiitiln‘t,s,_suum

2147 5382 2534 5457 Suidhelm]
2546 5382 2795 5472 'éxpiéjie,
2829 5382 2913 5472 et“
2929 5395 2999 5472 in,
3017 5392 3175 5472 culpa
3192 5458 3205 5472 '
3219 5401 3376 5472 esse:

2146 5453 2666 5530 (-61.1iussionem}.
2704 5453 2846 5526 hanc
2875 5453 3133 5534 Origetiis
3143 5458 3257 5534 _deA
3267 5453 3588 5534 angelorum
3633 5453 3720 5534 la-

2705 5519 2848 5592 infra
2890 5535 2957 5589 ad
2972 5519 3179 5587 liomil.
3225 5525 3298 5580 23
3326 5519 3725 5579 animadverti-

2144 5628 2286 5669 "IIIS.
