4084 6302
248 638 274 659 κ

390 354 522 413 1833

920 467 1202 534 HOMILIA
1259 476 1301 532 Χ
1317 479 1402 537 IV.

386 608 459 664 De
476 629 539 694 eo
565 614 705 694 quod
727 619 980 694 scriptum
1004 627 1114 694 est:
1151 634 1169 666 ι
1205 616 1340 673 Cum
1366 631 1538 675 autem
1570 625 1772 694 impleti
1792 634 1961 681 essent

452 684 1006 761 dies’circumcisionis
1028 687 1164 755 ejus,
1192 707 1214 761 γι
1243 707 1407 761 usque
1434 698 1503 746 ad
1523 684 1837 748 eum'locum
1868 699 1959 751 ubi

450 755 524 831 git
547 771 565 808 :
600 774 620 805 ι
652 755 766 808 ‘l’ar
797 765 1067 811 turturum
1088 769 1136 813 et
1164 760 1297 815 duos
1320 755 1496 831 pullos
1520 766 1904 821 columbarum.
1934 788 1954 821 ι

447 822 579 892 Cap.
612 839 670 876 ιι.

445 933 602 999 Quod
636 947 886 996 mortuus
906 951 990 997 est
1014 942 1289 1011 Christus,
1320 962 1419 1016 pro
1442 959 1667 1018 peccato
1701 962 1959 1009 mortuus

374 1036 473 1080 est.
508 1027 627 1081 Non
653 1031 782 1099 quia
812 1032 928 1101 ipse
952 1037 1278 1103 peccaverit,
1299 1053 1476 1108 neque
1496 1040 1642 1095 enim
1672 1052 1955 1112 peccatmn

375 1115 523 1182 fecit,
562 1135 661 1173 nec
685 1124 940 1178 inventus
963 1135 1047 1178 est
1076 1126 1234 1181 dolus
1271 1126 1325 1181 in
1353 1143 1449 1183 ore
1476 1130 1634 1200 ejus;
1665 1133 1758 1188 sed
1808 1149 1955 1188 mor.

375 1218 501 1261 tuus
550 1218 656 1275 est,
700 1222 881 1267 utnos
923 1215 1018 1284 qui
1056 1218 1255 1271 mortui
1306 1234 1533 1284 sumus,
1570 1223 1663 1280 illo
1690 1225 1956 1280 moriente

373 1299 630 1365 peccatis,
656 1316 1002 1373 nequaquam
1042 1316 1268 1375 peccato
1297 1317 1351 1363 et
1381 1310 1526 1366 vitiis
1552 1313 1859 1370 viveremus
1886 1318 1950 1369 η.

375 1387 528 1444 Unde
591 1395 899 1449 scribitur:
938 1396 1093 1452 Sicut
1148 1400 1315 1469 igitur
1368 1406 1696 1460 commortui
1759 1423 1953 1466 sumus

371 1491 499 1535 ωηο
526 1482 621 1536 illo
673 1485 961 1549 moriente,
1004 1497 1060 1543 et
1102 1494 1559 1549 consurreximus
1589 1500 1895 1567 rcsurgcnti
1932 1516 1948 1555 :

368 1571 448 1625 sic
464 1589 587 1627 cum
611 1590 675 1628 eo
697 1577 1008 1632 circumcisi
1034 1596 1246 1644 sumus,
1261 1593 1313 1635 et
1336 1566 1457 1652 post
1473 1586 1949 1644 circumcisionem

367 1665 596 1719 solemni
631 1671 951 1738 purgatione
981 1674 1244 1729 mundati.
1277 1674 1429 1732 Unde
1460 1695 1568 1733 non
1598 1679 1711 1749 jam
1744 1682 1950 1753 indige-

367 1771 490 1810 mus
515 1759 934 1817 circumcisione
962 1767 1192 1819 carnali.
1230 1766 1296 1821 Et
1330 1782 1388 1822 ut
1414 1772 1558 1825 scias
1609 1782 1828 1842 propter
1850 1789 1949 1828 nos

1589 368 1655 425 IN
1690 373 1928 431 LUCAM
1965 376 2250 433 HOMILIA
2287 370 2425 436 XIV.

1991 502 2037 558 Α
2070 502 2178 547 tum
2206 497 2382 565 fuerat
2403 498 2468 553 ab
2490 502 2673 571 angelo
2696 515 2979 576 antequam
3003 512 3058 566 in
3083 524 3232 569 utero
3260 521 3644 590 conciperetur.

3510 404 3647 469 183‘

2072 580 2280 640 Dehinc
2310 589 2595 657 sequitur:
2625 590 2757 647 Cum
2769 596 2887 664 jam
2912 600 3114 670 impleti
3137 618 3307 661 essent
3326 580 3646 685 die-sparge;

2068 675 2228 729 tionis
2255 694 2435 732 eorum
2461 685 2745 739 secundum
2773 688 2936 759 legem
2985 693 3159 764 Moysi
3184 737 3200 762 ,
3230 700 3494 757 duxerunt
3526 675 3645 761 eum

2066 763 2477 861 .lerosolgmam.
2502 771 2729 844 Propter
2758 763 3159 852 purgationem,
3191 787 3390 861 inquit,
3426 808 3640 851 eorum.

2066 852 2309 921 Quorum
2345 865 2570 918 eorum?
2604 865 2661 921 Si
2697 870 2958 940 scriptum
2988 886 3134 931 esset
3168 852 3391 951 propter
3439 901 3642 958 purga-

2067 948 2266 1005 tionem
2290 952 2430 1021 ejus,
2464 955 2516 1010 id
2538 966 2641 1022 cst,
2663 957 2844 1016 Maria:
2859 979 2981 1034 qua:
3003 948 3302 1039 pepererat,
3327 948 3458 1029 nihil
3490 948 3643 1047 qlia:-

2065 1041 2260 1096 stiouis
2281 1043 2537 1113 oriretur,
2563 1057 2614 1102 et
2631 1051 2889 1107 audacter
2907 1054 3233 1125 diceremus,
3254 1041 3641 1141 Mariam—(35)

2064 1147 2184 1201 quae
2219 1134 2384 1190 homo
2415 1143 2896 1210 erat,purgatione
2922 1138 3224 1220 indiguisse
3249 1166 3374 1225 post
3397 1134 3633 1228 partum.

2061 1223 2219 1279 Nunc
2234 1243 2362 1282 vero
2385 1229 2437 1282 in
2455 1246 2519 1285 eo
2538 1235 2681 1301 quod
2705 1236 2801 1302 ait,
2824 1237 2935 1293 dies
2957 1223 3288 1313 purgationis
3304 1223 3417 1322 (56j
3432 1268 3635 1318 eorum,

2061 1332 2168 1371 non
2202 1321 2414 1375 videtur
2440 1340 2608 1379 unum
2664 1328 3010 1400 signiﬁcare,
3070 1338 3164 1391 sed
3217 1321 3445 1398 alterum
3470 1386 3486 1411 ,
3522 1346 3638 1402 sive

2057 1407 2262 1497 plures.
2287 1410 2427 1482 Ergo
2443 1411 2602 1470 Jesus
2624 1419 2945 1487 purgatione
2962 1424 3217 1497 indiguit,
3238 1441 3292 1486 et
3319 1407 3636 1495 immundus

2058 1494 2180 1562 fuit,
2206 1509 2298 1552 aut
2319 1501 2499 1570 aliqua
2532 1506 2695 1559 sorde
2737 1510 2996 1577 pollutus.
3046 1494 3356 1578 Temerarie
3401 1494 3632 1585 forsitan

2056 1586 2244 1642 videor
2284 1588 2469 1645 dicere
2494 1634 2508 1658 ,
2549 1595 2641 1648 sed
2676 1594 3083 1668 Scripturarum
3126 1614 3450 1670 auctoritate
3478 1633 3632 1674 com-

2056 1687 2259 1733 motus.
2314 1679 2443 1736 Vide
2494 1685 2624 1753 quid
2673 1687 2727 1741 in
2761 1688 2864 1746 Job
2893 1696 3157 1766 scriptum
3207 1706 3403 1759 est":
3462 1708 3632 1765 Nemo

2055 1771 2284 1824 mundus
2316 1789 2348 1825 a
2379 1776 2553 1839 sorde,
2586 1793 2677 1831 nec
2703 1783 2750 1833 si
2774 1785 2931 1837 unius
2960 1789 3170 1856 quidem
3198 1792 3306 1847 diei
3329 1795 3489 1865 fuerit
3522 1802 3630 1856 vita

366 1844 539 1903 fuisse
575 1851 725 1905 illum
762 1854 1175 1922 circumcisum,
1198 1854 1335 1913 audi
1353 1859 1584 1915 Paulum
1616 1863 1948 1919 manifestis-
1980 1858 2022 1915 Β
2051 1862 2185 1930 ejus.
2221 1862 2341 1919 Non
2371 1867 2531 1932 dixit,
2574 1887 2734 1927 nemo
2762 1878 3000 1934 mundus
3030 1897 3059 1935 a
3085 1844 3455 1952 peccato,.sed
3479 1908 3629 1948 nemo

366 1939 505 1995 sime
536 1943 919 2011 praedicantem
958 1947 1022 2001 ¹⁸.
1057 1947 1123 2002 1η
1153 1966 1255 2019 quo
1285 1950 1515 2020 habitat,
1549 1954 1746 2023 inquit,
1780 1958 1949 2010 omnis

363 2032 637 2099 plenitudo
662 2036 959 2092 divinitatis
989 2041 1358 2110 corporaliter,
1397 2055 1446 2097 et
1476 2047 1603 2100 estis
1637 2048 1693 2101 in
1726 2048 1821 2101 illo
1864 2066 1949 2103 re-

362 2125 512 2192 pleti,
536 2128 628 2195 qui
650 2139 725 2183 est
750 2139 906 2198 caput
933 2132 1102 2185 omnis
1124 2134 1456 2202 principatus
1484 2145 1534 2190 et
1564 2138 1861 2204 potestatis,
1893 2139 1948 2191 in

362 2232 464 2285 quo
494 2229 541 2271 et
576 2221 875 2275 circumcisi
906 2224 1030 2276 estis
1054 2225 1452 2281 circumcisione
1477 2229 1591 2281 sine
1618 2229 1858 2284 manibus
1892 2231 1947 2283 in

361 2310 747 2378 erspoliatione
763 2314 998 2381 corporis
1019 2330 1142 2383 cgrn
1151 2317 1216 2382 is,
1234 2318 1287 2369 in
1310 2318 1708 2373 circumcisione
1724 2321 1945 2388 Christi,

361 2405 655 2472 consepulti
680 2406 727 2457 ei
762 2404 814 2457 in
846 2407 1183 2475 baptismate,
1221 2410 1277 2462 in
1314 2425 1415 2479 quo
1437 2419 1487 2464 et
1518 2414 1944 2470 consurreximus

360 2513 453 2564 per
505 2497 663 2565 ﬁdem
705 2500 1027 2567 operationis
1087 2499 1215 2566 Dei,
1271 2504 1361 2571 qui
1403 2504 1680 2575 suscitauit
1734 2521 1853 2559 eum
1912 2523 1943 2560 a

362 2590 606 2641 mortuis.
667 2591 730 2643 Et
758 2605 907 2645 mors
934 2592 1121 2661 igitur,
1154 2602 1209 2648 et
1240 2596 1590 2659 resurrectio,
1621 2606 1675 2650 et
1708 2597 1944 2653 circum-

360 2679 500 2731 cisio
556 2680 696 2746 ejus,
736 2696 834 2749 pro
892 2684 1049 2737 nobis
1106 2682 1261 2740 factis
1323 2695 1472 2740 sunt.
1513 2687 1648 2740 Cum
1696 2686 1939 2755 impleti,

362 2767 558 2837 inquit,
593 2783 761 2824 essent
806 2772 915 2825 dies
965 2775 1375 2829 circumcidendi
1434 2793 1673 2847 puerum,
1699 2790 1941 2831 vocatum

364 2859 537 2928 fuerat
565 2877 751 2916 nomen
784 2864 899 2933 ejus
927 2863 1107 2933 Iesus,
1139 2869 1279 2937 quod
1308 2878 1548 2923 vocatum
1567 2880 1644 2925 est
1671 2872 1735 2924 ab
1755 2869 1939 2941 angelo

360 2965 642 3022 antequam
672 2960 1049 3027 conciperetur.
1091 2958 1431 3017 Vocabulum
1475 2962 1604 3018 Jesu
1640 2964 1937 3034 gloriosum

362 3047 509 3100 omni
546 3048 775 3104 adorata
823 3051 1080 3121 cultuque
1106 3054 1389 3123 appellari,
1420 3070 1598 3124 neque
1638 3057 1708 3110 ab
1741 3056 1822 3111 eis
1857 3056 1939 3111 cf-

360 3138 486 3192 t‘erri
516 3139 569 3193 in
607 3142 892 3204 mundum,
930 3144 1023 3197 sed
1046 3144 1116 3198 ab
1141 3146 1508 3200 excellentiori
1540 3150 1773 3216 quadam
1818 3164 1935 3202 ma-

353 3231 570 3300 ]orique
592 3242 806 3288 natura.
851 3232 1004 3290 Unde
1034 3236 1312 3307 signanter
1333 3240 1664 3308 evangelista
1705 3238 1932 3305 addidit,

354 3323 543 3379 dicens
567 3340 580 3375 :
614 3322 683 3378 Et
713 3337 952 3381 vocatum
978 3339 1052 3383 est
1084 3345 1269 3382 nomen
1285 3329 1399 3398 ejus
1421 3328 1599 3393 Jesus,
1626 3332 1763 3402 quod
1780 3348 1935 3386 voca-

429 3486 471 3517 "
505 3484 661 3540 Rom.
697 3501 773 3550 vr,
803 3487 855 3540 5.
935 3486 978 3518 ⁸⁸
998 3484 1209 3541 Coloss.
1239 3504 1299 3551 ιι,
1330 3488 1486 3540 9-12.
1568 3489 1609 3519 ¹⁹
1636 3504 1756 3557 cap.
1793 3506 1905 3555 xlv,

2040 3506 2086 3544 s.
2114 3486 2168 3555 b,
2201 3490 2255 3542 5.
2360 3488 2406 3521 ὀ
2440 3505 2559 3560 cap.
2593 3508 2664 3558 tv,
2697 3510 2837 3548 vers.
2875 3494 2926 3550 4.

428 3654 540 3724 (55)
571 3652 713 3707 Satis
753 3653 982 3723 benigne
1010 3654 1075 3724 de
1103 3654 1426 3724 Adamantio
1458 3656 1687 3712 senserit
1733 3656 1925 3714 Hiero-

356 3722 572 3796 nymus,
596 3739 719 3778 cum
755 3722 905 3796 illum
935 3724 1009 3777 ait
1033 3723 1085 3776 in
1110 3722 1420 3796 praefatione
1444 3724 1720 3796 iiujusmet
1744 3738 1924 3783 trans-

356 3793 592 3856 lationis,
629 3794 780 3861 quasi
805 3809 1021 3860 puerum
1053 3793 1402 3846 talis’ludere.
1444 3793 1525 3848 Ut
1553 3797 1697 3848 enim
1752 3800 1922 3853 multa

357 3869 409 3918 in
441 3863 664 3934 reliquis
686 3864 738 3917 in
767 3862 970 3916 Lucam
1006 3864 1245 3917 homiliis
1283 3865 1486 3918 absona
1516 3869 1877 3934 pronuntiarit
1905 3888 1918 3922 :

354 3951 475 4002 qua:
509 3935 564 3987 in
612 3933 713 3988 hac
747 3934 813 3986 Η
862 3934 1232 3988 elucubranla
1276 3933 1525 3998 rﬂutivit,
1559 3936 1707 3990 nullo
1755 3954 1922 3991 excu-

355 4001 462 4058 sari
498 4016 656 4073 pacto
687 4012 909 4073 queunt.
954 4001 1046 4059 llic
1080 4002 1304 4058 Mariam
1347 4006 1543 4073 quippe
1584 4020 1707 4058 cum
1758 4007 1921 4062 homo

353 4084 491 4139 erat,
526 4076 846 4144 purgatione
868 4074 1185 4143 indiguisse,
1213 4076 1453 4143 adeoque
1484 4076 1653 4129 fuisse
1701 4089 1923 4145 peccato

354 4145 1335 4216 obnoxiam,audacissimeldaterat.
1382 4146 1507 4199 Seio
1549 4147 1692 4213 quod
1746 4149 1923 4216 proje-

354 4224 495 4268 ctam
515 4214 867 4268 terneritatem
894 4215 1080 4268 Sixtus
1104 4213 1362 4269 Senensis
1388 4216 1481 4271 ιη..
1502 4233 1551 4268 γι
1581 4213 1921 4271 Bibliotheca:

356 4285 704 4356 adnotatione
758 4285 858 4338 156
913 4285 998 4339 his
1047 4285 1240 4337 nititur
1303 4300 1610 4356 excusare:
1656 4284 1917 4356 lntelligit

354 4357 578 4425 fortasse
612 4352 857 4424 Origenes
886 4370 988 4407 non
1023 4356 1086 4407 de
1111 4356 1422 4425 purgatione
1450 4355 1513 4408 ab
1567 4352 1917 4410 immunditiis

351 4436 399 4477 et
434 4424 680 4495 sordibus
696 4434 895 4488 partus,
924 4425 1112 4494 quibus
1135 4424 1269 4495 nulli
1298 4425 1514 4478 dubmnt
1535 4435 1608 4477 est
1634 4442 1735 4479 non
1756 4427 1920 4495 fuisse

358 4492 583 4545 ltlariam
633 4492 956 4558 obnoxium,-
1008 4497 1098 4547 sed
1128 4494 1190 4547 de
1234 4495 1423 4547 ritibus
1472 4506 1520 4548 et
1565 4492 1912 4562 cwrctnoniis,

351 4562 538 4634 quibus
572 4562 775 4632 Moyses
810 4580 1088 4633 puerperas
1124 4564 1347 4617 lustrari
1390 4565 1657 4623 iusserat:
1698 4566 1791 4619 ltas
1828 4584 1917 4621 ne-

350 4647 491 4690 cesse
516 4647 624 4685 erat
652 4636 848 4687 servari
871 4652 902 4685 a
934 4645 1100 4687 matre
1130 4634 1297 4705 illius,
1321 4638 1411 4704 qui
1444 4636 1578 4705 leges
1605 4637 1913 4705 impleturus

350 4712 581 4774 venerat,
611 4720 711 4756 non
747 4706 1133 4759 destructurus.
1165 4704 1265 4757 Cui
1298 4716 1353 4759 et
1385 4704 1685 4774 suppetias
1708 4709 1916 4760 accedit

351 4774 418 4826 ('l.
448 4770 693 4844 lluctius,
729 4774 960 4843 idpsnm
995 4777 1326 4844 emilirmans
1349 4791 1413 4829 ex
1431 4770 1666 4844 e'o'qund
1718 4777 1908 4830 humil.

350 4846 384 4899 8
433 4844 484 4895 iu
516 4842 819 4897 Leviticuni
851 4846 1039 4899 scribit
1070 4843 1349 4913 Origenes,
1387 4860 1481 4901 eas
1515 4842 1690 4899 selum
1725 4847 1914 4899 mulie-

352 4929 440 4968 res
495 4913 546 4965 iu
589 4915 849 4994 pa:iendo
878 4930 999 4969 esse
1031 4916 1369 4994 imtnundas,
1401 4931 1524 4985 qua:
1566 4915 1774 4994 semine
1823 4916 1915 4969 ad-

351 4986 521 5039 misso
546 4984 863 5054 concipiunt
892 4995 941 5038 et
971 4987 1224 5053 pariunt;
1251 5000 1373 5054 qua:
1397 4984 1525 5039 vero
1549 4985 1759 5039 semine
1790 5001 1916 5040 neu-

352 5048 581 5125 tiquauf
588 5048 841 5125 suscepto
874 5048 1098 5125 peperit,
1128 5048 1249 5109 eam
1270 5048 1397 5110 vere
1434 5055 1771 5117 immundam
1806 5071 1913 5108 non

349 5124 469 5179 esse
494 5142 507 5177 :
530 5124 998 5204 uidet-insignem
1028 5126 1267 5194 ejusdem
1292 5126 1701 5204 locumnrecitat
1721 5140 1787 5204 ex
1821 5126 1916 5204 lin-

350 5196 498 5249 milia
536 5192 679 5265 12in
706 5192 882 5248 Levii.
919 5210 1028 5263 quo
1059 5192 1433 5265 generationis
1471 5194 1677 5265 Christi
1716 5203 1771 5247 et
1808 5194 1915 5246 vir-

351 5265 545 5333 ginalis
578 5263 757 5345 Maria:
786 5265 1033 5345 corporis
1070 5263 1364 5345 intindiiies
1390 5263 1764 5345 disertissime
1786 5279 1918 5345 prae-

350 5332 587 5413 dicatur:
638 5332 913 5413 Sed_etsi
950 5344 1092 5413 recte
1147 5335 1288 5413 alibi
1342 5335 1579 5389 sensisse
1643 5335 1917 5413 colligitur

354 5404 517 5457 homo
575 5403 917 5460 immoderati
985 5403 1184 5473 ingenii
1237 5406 1564 5471 incertaeque
1611 5403 1913 5473 sententiae,

354 5475 573 5526 minime
608 5478 746 5528 hanc
767 5475 926 5529 diluit
970 5471 1310 5529 manifestam
1356 5488 1577 5527 noxam.
1618 5471 1753 5526 Nam
1791 5489 1913 5526 cum

352 5542 477 5614 alibi
502 5558 739 5614 quoque,
764 5545 954 5598 homil.
984 5545 1275 5614 scilicetid
1296 5545 1530 5614 in_huuc
1554 5543 1729 5614 ipsum
1754 5557 1917 5595 evan-

351 5611 951 5683 gelistam,'iujur'iosus
980 5616 1033 5667 in
1066 5613 1289 5667 Mariam
1334 5611 1604 5681 Virginem
1639 5613 1730 5675 sit,
1751 5627 1914 5681 quam

352 5684 528 5734 dubiae
558 5695 774 5736 accusat
816 5687 1143 5754 incertaeque
1178 5684 1486 5751 lidei,pium
1514 5684 1769 5736 lectorem
1802 5695 1917 5733 mo-

354 5765 481 5804 nere
506 5766 726 5805 necesse
758 5753 879 5820 fuit,
904 5771 1011 5823 quo
1033 5756 1134 5808 sibi
1172 5755 1484 5808 scandalutn
1521 5759 1728 5808 caveat.
1751 5761 1917 5819 atque

631 5847 902 5909 ΡΑτίιοι..
932 5851 1048 5908 Gn.
1081 5848 1254 5912 XIII.

2050 1953 2218 2055 ξω
2247 1960 2471 2014 mundus
2502 1980 2534 2016 a
2557 1965 2728 2021 sorde.
2757 1966 2943 2039 Neque
2987 1975 3131 2028 enim
3184 1978 3419 2047 idipsum
3460 1984 3630 2055 signi-

2052 2046 2217 2100 licant
2254 2050 2442 2105 sordes
2472 2060 2637 2124 atque
2663 2069 2906 2125 peccata.
2937 2060 3004 2116 Et
3043 2074 3101 2118 ut
3126 2046 3277 2124 scias
3307 2071 3457 2128 aliud
3504 2046 3630 2131 sor-

2050 2135 2195 2200 dem,
2226 2139 2371 2192 aliud
2400 2157 2596 2197 sonare
2616 2158 2922 2216 peccatum,
2951 2150 3121 2211 Isaias
3144 2158 3432 2217 manifeste
3448 2164 3624 2231 docet,

2049 2226 2237 2283 dicens
2263 2230 2307 2260 ³⁸
2331 2248 2343 2284 :
2379 2230 2601 2288 Lavabit
2637 2237 2893 2295 Dominus
2915 2246 3121 2299 sordem
3143 2248 3377 2316 ﬁliorum
3399 2264 3450 2308 et
3480 2226 3626 2323 ﬁlia;

2050 2334 2167 2370 rum
2202 2318 2364 2387 Sion,
2392 2332 2441 2376 et
2472 2328 2779 2395 sanguinem
2806 2334 3080 2390 mundabit
3114 2338 3176 2392 de
3216 2344 3389 2396 medio
3417 2361 3622 2417 eorum,

2047 2408 2241 2476 spiritu
2258 2410 2459 2478 judicii
2493 2417 2723 2485 sordem,
2754 2428 2806 2473 et
2834 2423 3027 2490 spiritu
3075 2431 3449 2487 combustionis
3492 2408 3622 2488 san:-

2046 2502 2274 2569 guinem.
2327 2500 2519 2561 Omnis
2539 2508 2721 2566 anima
2747 2528 2870 2583 quae
2901 2516 3142 2574 humano
3186 2536 3416 2593 corpore
3457 2522 3620 2586 fuerit

2046 2596 2258 2665 induta,
2292 2598 2456 2655 habet
2478 2602 2667 2659 sordes
2716 2622 2868 2663 suas.
2902 2608 2974 2665 Ut
3010 2623 3189 2668 autem
3241 2617 3385 2675 scias
3426 2617 3615 2677 Jesum

2044 2702 2263 2758 quoque
2288 2692 2627 2748 sordidatum
2657 2698 2998 2755 sentiendum
3029 2707 3330 2761 secundum
3377 2710 3613 2781 ignomi-

2043 2778 2190 2832 niam
2224 2782 2424 2847 crucis,
2456 2797 2563 2837 non
2596 2788 2895 2843 secundum
2923 2792 3095 2860 ipsam
3123 2811 3288 2865 quam
3318 2778 3617 2872 assumpsit

2042 2879 2286 2926 sanctam
2325 2888 2567 2939 carnem,
2597 2876 2664 2931 de
2683 2894 2791 2947 qua
2806 2880 3093 2949 Apostolus
3115 2887 3192 2940 ait
3218 2905 3232 2940 :
3262 2886 3328 2941 In
3359 2891 3618 2947 similitu-

2039 2963 2216 3016 dinem
2249 2966 2425 3019 carnis
2457 2969 2659 3036 peccati
2682 2968 2853 3027 fuisse
2882 2975 3099 3043 propria
3125 2979 3405 3035 voluntate
3425 3020 3440 3047 ,
3483 2985 3613 3053 quia

2040 3069 2140 3123 pro
2177 3056 2352 3111 salute
2400 3067 2588 3113 nostra
2633 3060 2931 3117 humanum
2975 3081 3175 3137 corpus
3219 3084 3611 3141 assumpserat,

2043 3143 2365 3199 Zachariam
2416 3149 2740 3217 prophetam
2770 3155 3019 3210 ausculta
3047 3156 3317 3213 dicentem
3346 3161 3389 3192 ’ί
3416 3161 3611 3219 :lesus

2042 3246 2159 3290 erat
2186 3239 2403 3291 indutus
2433 3241 2659 3295 vestibus
2683 3245 2934 3300 sordidis.
2976 3246 3131 3314 Quod
3172 3252 3389 3320 quidem
3425 3264 3479 3309 et
3516 3257 3613 3310 ads

2040 3326 2234 3385 versus
2256 3345 2353 3385 eos
2381 3331 2494 3402 (57)
2522 3330 2671 3399 facit,
2702 3336 2795 3405 qui
2834 3351 3032 3409 negant
3053 3339 3340 3398 Dominqu
3365 3356 3608 3401 nostrum

3032 3500 3072 3531 "
3115 3512 3234 3571 cap.
3267 3519 3348 3570 ιιι,
3384 3518 3526 3560 vers.
3551 3502 3606 3563 3.

2035 3656 2354 3733 orthodoxae
2382 3656 2659 3733 Ecclesiae,
2696 3674 2817 3727 quae
2847 3658 3056 3733 beatam
3091 3654 3364 3733 Virginem
3386 3668 3608 3733 speciali

2030 3729 2130 3782 Dei
2153 3731 2427 3803 privilegio
2472 3730 2679 3803 nullum
2713 3742 2949 3803 unquam
2982 3729 3033 3781 in
3076 3743 3135 3803 se
3164 3729 3450 3803 admisisse
3483 3751 3607 3803 pec-

2007 3811 2215 3854 ratum
2269 3798 2447 3861 dooet,
2501 3798 2658 3853 (idem
2691 3808 2880 3853 contra
2936 3798 3314 3854 haereticorum
3354 3798 3607 3873 blasphe-

2032 3870 2170 3923 mias
2199 3878 2395 3922 teneat.

2104 3939 2222 4008 (56)
2248 3937 2432 4010 Graeca
2464 3938 2623 3993 lectio
2650 3936 3006 4010 strictimquze
3030 3950 3175 4010 utine
3206 3948 3425 4010 quoque
3455 3943 3601 3997 obti-

2032 4017 2140 4073 net,
2168 4024 2264 4076 pro
2293 4008 2482 4081 αὐζεῇς,
2514 4010 2567 4062 in
2586 4023 2825 4081 errorem
2851 4008 3227 4061 Adamantium
3249 4008 3431 4081 traxit,
3455 4015 3601 4081 quod

2030 4090 2083 4133 et
2104 4087 2344 4131 uiolatum
2369 4077 2677 4139 llueliocst,
2706 4079 2798 4148 qui
2822 4087 3131 4144 corruptam
3164 4092 3282 4132 eam
3315 4077 3602 4136 lectionem

2031 4159 2209 4210 vocat,
2247 4147 2470 4216 vultque
2502 4148 2578 4200 illi
2625 4149 2766 4201 hanc
2794 4148 3023 4216 alteram
3066 4148 3290 4202 omnino
3319 4150 3597 4215 substitui,

2028 4218 2218 4286 αὐτῆς,
2255 4215 2465 4284 nempe,
2505 4217 2639 4285 ejus,
2695 4219 2849 4285 juxta
2893 4215 3175 4286 Vulgatam
3215 4228 3269 4271 et
3308 4218 3602 4277 Arabicam

2028 4285 2524 4355 interpretationem
2559 4286 2879 4355 Erpenianre
2910 4285 3185 4345 editionis.
3223 4289 3425 4355 quibus
3458 4292 3601 4347 addo

2025 4368 2076 4412 et
2102 4354 2407 4426 Cdpticam.
2446 4356 2510 4409 Et
2545 4354 2670 4426 vero
2692 4354 2977 4424 Origenem
3009 4356 3210 4410 erroris
3234 4354 3348 4425 ipse
3378 4370 3600 4415 manere

2027 4422 2293 4495 potuisset
2317 4426 2538 4480 Levitici
2568 4422 2720 4480 locus
2752 4422 2869 4493 cap.
2906 4440 2989 4495 n.‘
3016 4426 3107 4493 qui
3158 4422 3435 4495 puerpera:
3479 4438 3599 4483 tan-

2026 4492 2165 4567 tum,
2197 4512 2304 4549 non
2324 4498 2486 4550 etiam
2520 4494 2711 4550 infanti
2747 4492 2992 4567 adhiberi
3025 4492 3398 4567 purgationem
3420 4499 3594 4567 jubet.

2016 4565 2191 4631 Nunc,
2216 4581 2528 4635 quanquam
2570 4580 2676 4636 non
2708 4565 2794 4636 ob
2828 4572 3107 4636 peccatum
3136 4565 3313 4634 (quod
3354 4565 3597 4636 cogitare

2015 4638 2083 4691 de
2109 4633 2328 4689 Christo
2360 4633 2514 4688 mens
2547 4633 3127 4703 relugit),purgatione
3159 4644 3335 4690 tamen
3367 4633 3448 4689 ob'
3469 4651 3596 4691 sor-

2014 4707 2112 4759 des
2165 4705 2465 4776 indiguissc
2494 4703 2678 4759 Iesum
2706 4745 2720 4769 ,
2755 4713 2804 4776 et
2850 4703 3178 4776 immundum
3206 4742 3222 4767 ,
3273 4714 3365 4757 aut
3410 4705 3595 4776 aliqua

2017 4776 2169 4828 sorde
2223 4772 2506 4844 pollutum,
2542 4772 2885 4844 pronuntiat.
2916 4771 3227 4844 Perperanl
3265 4771 3510 4844 quoque'
3537 4784 3594 4831 tn

2016 4860 2176 4899 suum
2212 4840 2431 4899 sensum
2465 4840 2750 4910 detorquet
2768 4841 2889 4897 Jobi
2913 4840 3092 4896 locum
3123 4860 3137 4896 :
3174 4840 3342 4896 Nemo
3365 4840 3593 4900 mundus

2018 4931 2050 4967 a
2084 4914 2257 4978 sorde,
2281 4925 2381 4967 etc.
2404 4911 2759 4986 ‘Nequissimc
2782 4928 2910 4967 vero
2934 4912 3249 4986 suuniillud
3283 4910 3372 4967 hic
3394 4914 3593 4986 ingerit

2018 4986 2262 5039 solemne
2311 4981 2751 5047 deliramentum,
2800 4991 2932 5036 tunc
2981 4981 3296 5037 sordescere
3328 4981 3590 5049 aniniam‘,

2017 5069 2140 5107 cum
2172 5055 2413 5136 mortale
2434 5067 2632 5121 corpus
2680 5052 2876 5136 induit,
2920 5051 3145 5136 parique
3195 5061 3354 5132 pacto
3406 5051 3592 5136 {esum

2016 5139 2217 5192 quoque
2233 5120 2565 5176 sordidatum
2588 5122 2921 5192 sentiendum
2937 5120 3222 5192 secundum
3245 5122 3590 5191 ignominiam

2018 5190 2207 5257 crucis,
2240 5195 2385 5261 quod
2419 5193 2537 5274 ejus
2575 5192 2782 5274 scilicet
2809 5190 3081 5274 animan
3124 5190 3385 5274 muliebri
3433 5201 3589 5274 utero

2018 5263 2125 5343 sibi
2152 5255 2351 5343 corpus
2377 5255 2706 5343 adiunxerit:
2741 5255 2892 5343 Unde
2921 5268 2977 5343 et_
2999 5259 3228 5343 inferius
3273 5260 3464 5343 psalmi
3508 5258 3591 5315 vi-

2018 5333 2207 5403 gesimi
2248 5331 2603 5403 'primi’loco
2651 5331 2923 5393 abutitur,
2950 5332 3282 5403 loquentem
3325 5331 3590 5388 inducens

2020 5400 2398 5458 Salvatorem:
2461 5402 2571 5472 Ego
2619 5417 2735 5472 sum
2796 5402 2984 5454 vermis
3037 5410 3087 5453 et
3120 5415 3224 5472 non
3256 5400 3438 5472 homo,
3476 5410 3583 5456 etc.

2018 5472 2171 5537 Quod
2198 5473 2404 5526 videbat
2458 5470 2521 5524 in
2555 5471 2741 5526 matris
2778 5480 2925 5523 utero
2961 5470 3354 5540 immunditiam
3401 5486 3590 5540 corpo-

2020 5558 2157 5603 rum,
2192 5543 2473 5595 visceribus
2503 5541 2616 5609 ejus
2639 5541 2759 5593 hinc
2800 5541 2919 5593 inde
2954 5539 3184 5594 vallatus
3205 5578 3221 5605 ,
3273 5550 3323 5594 et
3365 5539 3590 5596 terrente

2020 5612 2168 5680 [secis
2204 5612 2508 5680 patiebatur
2540 5612 2835 5680 angustias,
2870 5620 2976 5665 etc.

2091 5678 2212 5750 (‘57)
2231 5680 2365 5761 Puta
2400 5678 2747 5759 Marcionitas
2779 5691 2942 5747 atque
2962 5678 3278 5760 .Ehionitas.
3307 5695 3449 5804 gnos
3476 5690 3587 5737 traa

2091 5750 2594 5804 .Gennadtusltbro
2633 5749 2705 5803 De
2736 5748 3070 5804 doamattbus
3098 5790 3113 5804 .
3167 5764 3289 5804 can.
3376 5792 3392 5804 .
3440 5752 3586 5804 allie-

2019 5748 2434 5806 dit'Gcnnadius
2455 5750 2594 5805 libro
2633 5749 2705 5803 De
2736 5748 3070 5819 dogmatibus
3098 5790 3113 5817 ,
3167 5764 3289 5819 cap.
3315 5748 3354 5804 3
3376 5792 3392 5819 ,
3440 5752 3586 5808 alitr-

3233 5840 3312 5905 58
