4084 6302
423 365 553 420 135⁸1

1615 365 1681 421 IN
1718 365 1954 428 LUCAM
1996 369 2278 426 llDiliLlA
2324 371 2437 428 XV.

3537 390 3673 443 1858

421 481 781 535 venerandum
812 489 932 534 ante
965 467 1310 533 nativitatem
1345 477 1548 536 Christi
1581 483 1857 538 masculus
1880 501 1994 539 om-
2022 492 2066 550 Α
2099 502 2214 550 nes,
2245 487 2333 540 ille
2359 487 2450 555 qui
2487 503 2582 556 pro
2608 497 2720 542 tot‘o
2754 488 2958 545 mundo
2991 491 3336 561 nascebatur,
3365 508 3416 552 et
3445 501 3550 568 pati
3578 502 3672 557 ha-

418 574 548 626 nino
583 589 688 625 non
737 571 926 640 tetigit.
965 567 1157 622 Audeo
1197 570 1328 638 quid
1356 571 1528 640 loqui,
1561 573 1689 641 quia
1741 583 1796 628 et
1843 574 1895 628 in
1930 590 1996 628 eo

422 663 570 733 quod
607 662 865 730 scriptum
897 669 1017 716 est:
1061 659 1294 728 Spiritus
1337 661 1430 714 Dei
1472 663 1635 715 veniet
1668 679 1824 732 super
1851 675 1917 730 te,
1947 673 1995 718 et

417 755 581 807 virtus
613 752 874 806 Attissimi
904 749 1234 808 obumbrabit
1271 758 1320 806 te
1351 751 1419 818 ",
1448 752 1778 824 principium
1827 757 1996 810 semi-

418 843 503 896 nis
533 850 586 895 et
632 849 925 912 conceptus
970 837 1156 904 fuerit,
1199 849 1250 902 et
1283 840 1402 894 sine
1440 844 1614 899 vulva:
1661 845 1997 906 reseratione

417 947 592 987 novus
638 931 692 986 in
734 939 888 985 utero
920 931 1061 988 fctus
1094 931 1412 988 adoleverit.
1463 932 1618 990 Unde
1647 944 1701 990 et
1749 936 1996 993 Salvator

416 1020 692 1090 loquitur:
733 1021 844 1092 Ego
879 1038 993 1076 sum
1019 1022 1206 1076 vermis
1229 1031 1278 1076 et
1304 1041 1406 1078 non
1438 1027 1612 1093 homo,
1655 1029 1993 1096 approbrium

415 1112 706 1176 hominum,
751 1123 799 1168 et
842 1113 1063 1181 abjectio
1109 1115 1276 1183 plebis
1321 1117 1386 1170 ".
1433 1115 1666 1172 Videbat
1715 1119 1769 1173 in
1805 1122 1994 1175 matris

415 1213 571 1258 utero
597 1205 994 1259 immunditiam
1031 1221 1342 1275 corporum,
1378 1209 1680 1265 visceribus
1712 1211 1832 1282 ejus
1866 1213 1993 1268 hinc

416 1297 539 1350 inde
572 1297 825 1364 vallatus,
869 1307 1098 1354 terrente
1143 1298 1291 1356 faecis
1335 1302 1644 1370 patiebatur
1689 1310 1988 1375 angustias,

416 1387 557 1439 unde
584 1388 849 1442 a~sintilat
893 1403 951 1442 se
979 1388 1173 1454 vermi,
1215 1399 1268 1444 et
1294 1389 1459 1444 dicit:
1497 1389 1607 1461 Ego
1639 1407 1756 1444 sum
1780 1396 1988 1459 vermis,

412 1485 460 1527 et
489 1492 586 1528 non
618 1477 789 1530 homo.
824 1476 901 1531 Ex
933 1494 1082 1533 mare.
1105 1479 1305 1550 quippe
1330 1495 1394 1536 ac
1418 1480 1618 1536 femina
1645 1482 1810 1539 homo
1843 1485 1991 1540 nasci

414 1567 572 1629 solet,
603 1583 702 1636 ego
735 1583 862 1621 vexo
895 1585 1000 1624 non
1031 1585 1094 1624 ex
1120 1571 1366 1628 masculo
1391 1580 1445 1627 et
1468 1571 1668 1627 femina
1691 1576 1988 1632 secundum

414 1659 576 1710 ritum
626 1658 922 1718 humanum
956 1672 1119 1730 atque
1155 1673 1432 1730 naturam,
1466 1663 1559 1718 sed
1594 1663 1648 1716 in
1680 1667 1988 1736 exemplum

413 1751 614 1804 vermis
661 1759 824 1808 natus
868 1768 1013 1819 sum,
1049 1756 1208 1826 cujus
1237 1771 1347 1810 non
1391 1769 1475 1811 est
1523 1757 1741 1812 aliunde
1777 1775 1985 1824 semen,

413 1844 506 1895 sed
552 1842 604 1896 in
650 1844 802 1912 ipsis,
837 1853 888 1898 et
933 1861 998 1899 ex
1029 1845 1195 1922 949
1235 1847 1368 1917 ipsis
1415 1849 1697 1918 inquibus
1730 1852 1989 1907 coalescit

411 1933 732 2000 Corporibus
761 1933 914 2003 origo
937 1943 1039 1988 est.
1077 1933 1301 2006 Propter
1328 1937 1474 2006 quod
1499 1939 1628 2008 quia
1659 1953 1820 1993 omne
1844 1956 1988 1996 mas—

410 2022 653 2084 culinum
687 2023 830 2091 quod
859 2025 1032 2092 aperit
1065 2025 1306 2090 vulvam,
1341 2039 1592 2084 sanetum
1631 2027 1862 2085 Domino
1892 2047 1988 2086 vo-

409 2113 644 2178 cabitur,
673 2114 870 2175 ductus
901 2124 984 2170 est
1030 2115 1086 2170 in
1137 2115 1552 2189 Jerosolymam,
1594 2130 1655 2176 ut
1704 2131 1988 2192 appareret

409 2215 535 2262 ante
575 2215 926 2275 conspectum
957 2207 1071 2275 Dei,
1107 2219 1162 2265 et
1204 2219 1425 2281 propter
1457 2213 1586 2268 illud
1624 2215 1768 2283 quod
1805 2215 1988 2284 sequi-

408 2306 498 2350 tur
528 2315 540 2350 :
578 2296 644 2350 Ut
685 2300 904 2353 daretur
946 2317 1134 2356 munus
1159 2318 1254 2372 pro
1278 2319 1338 2356 eo
1372 2304 1510 2373 quod
1537 2305 1588 2358 in
1616 2304 1726 2373 lege
1774 2305 1986 2358 Domini

409 2389 664 2456 scriptum
693 2399 768 2443 est
797 2406 815 2444 :
851 2390 959 2444 Par
985 2401 1250 2446 turturum
1289 2403 1384 2446 aut
1419 2395 1550 2448 duos
1587 2396 1757 2462 pullos
1786 2396 1987 2450 colum-

408 2479 618 2534 barum.
643 2481 942 2538 Turturum
966 2500 1086 2554 par,
1121 2494 1174 2540 et
1206 2485 1344 2539 duos
1377 2486 1554 2554 pullos
1582 2487 1980 2556 columbarum,

409 2587 507 2639 pro
553 2570 831 2628 Salvatore
878 2573 1127 2630 videmus
1160 2575 1396 2630 oblatos.
1431 2575 1542 2644 Ego
1586 2585 1640 2630 et
1673 2592 1801 2633 aves
1851 2577 1984 2636 istas

406 2661 594 2716 beatas
627 2670 758 2732 puto
787 2679 908 2732 quae
939 2679 1038 2732 pro
1082 2673 1204 2718 ortu
1253 2663 1467 2718 Domini
1510 2666 1704 2720 oblatze
1751 2676 1896 2732 sunt,
1931 2677 1986 2723 et

407 2753 686 2820 quomodo
717 2754 926 2809 asinam
973 2753 1190 2809 Balaam
1224 2755 1414 2820 miror,
1443 2765 1497 2810 et
1540 2755 1794 2814 felicitate
1821 2773 1983 2815 accu-

408 2845 578 2910 mulo,
617 2847 744 2914 quia
773 2846 936 2915 digna
971 2845 1130 2901 fuerit
1158 2864 1264 2902 non
1301 2851 1480 2902 sdlum
1508 2849 1692 2903 videre
1726 2851 1983 2920 angelum

405 2935 521 3000 Dei,
557 2939 648 2991 sed
679 2938 843 2991 etiam
868 2953 962 2992 ore
989 2947 1227 2993 reserato
1249 2940 1303 2992 in
1337 2939 1638 2994 humanum
1674 2956 1980 2996 sermonem

404 3043 689 3096 erumpere
715 3045 728 3081 :
754 3028 835 3082 sic
857 3029 1028 3083 multo
1058 3030 1290 3098 amplius
1321 3029 1420 3085 has
1445 3031 1694 3086 volucres
1724 3030 1978 3099 przedico,

2099 578 2277 641 bebat,
2303 595 2486 634 coram
2519 578 2748 634 Domino
2777 583 3153 648 mandaretur,
3185 588 3279 640 sed
3308 599 3366 642 ut
3391 589 3673 660 dispensa-

2099 665 2172 719 tio
2206 666 2324 734 eius
2369 682 2505 720 nova
2532 669 2736 731 omnia,
2762 669 2832 723 ita
2871 687 3038 727 novas
3065 689 3285 743 quoque
3319 675 3544 732 haberet
3575 681 3673 733 ho-

2097 757 2251 821 SLias,
2309 760 2607 811 secundum
2655 761 2988 817 voluntatem
3039 765 3426 833 omnipotentis
3477 767 3568 822 Dei
3618 770 3672 823 in

2093 847 2314 901 Christo
2343 847 2494 915 Jcsu,
2524 850 2612 904 cui
2655 860 2738 906 est
2764 853 2934 922 gloria
2965 862 3019 908 et
3059 854 3346 923 imperium
3383 857 3435 910 in
3471 861 3670 913 saecula

2095 938 2438 998 saeculorum.
2473 940 2667 994 Amen.

2672 1049 2954 1107 HOMILIA
2990 1053 3107 1110 XV.

2095 1165 2172 1220 De
2223 1165 2486 1231 Simeone,
2536 1167 2675 1235 quod
2725 1167 2780 1220 in
2812 1167 3005 1232 spiritu
3038 1168 3108 1220 ad
3160 1169 3410 1235 templum
3452 1172 3670 1236 venerit,

2163 1253 2324 1306 usque
2354 1237 2422 1288 ad
2453 1253 2572 1306 eum
2595 1236 2788 1300 locum,
2813 1237 2903 1288 ubi
2934 1238 3052 1292 ait:
3083 1256 3101 1287 ‹
3137 1237 3293 1290 Nunc
3322 1241 3545 1293 dimittis
3568 1257 3666 1294 serv

2163 1305 2282 1358 vum
2311 1316 2479 1371 tuum,
2515 1305 2755 1369 Domine,
2781 1309 2833 1358 in
2861 1320 3006 1374 pace.
3047 1327 3065 1358 ι
3099 1308 3230 1376 Cap.
3265 1324 3326 1360 tt.

2161 1395 2329 1467 Digna
2357 1394 2449 1450 Dei
2480 1410 2703 1450 munere
2731 1398 3022 1466 quaerenda
3050 1407 3133 1452 est
3164 1399 3320 1454 ratio.
3349 1397 3560 1453 Simeon
3588 1401 3668 1452 vir

2090 1495 2307 1538 sanctus
2340 1493 2391 1537 et
2433 1484 2656 1537 Domino
2685 1485 2916 1553 placens,
2953 1487 3094 1542 sicut
3126 1487 3178 1541 in
3216 1487 3508 1558 Evangelio
3537 1491 3655 1543 scri-

2091 1583 2243 1644 ptum
2277 1584 2382 1639 est,
2418 1585 2727 1642 exspectans
2768 1577 3178 1631 consolationem
3213 1577 3405 1645 Israel,
3450 1596 3667 1649 respon-

2089 1680 2205 1716 sum
2238 1676 2507 1733 acceperat
2535 1679 2567 1716 a
2597 1663 2801 1732 Spiritu
2829 1676 3034 1733 sancto,
3066 1683 3168 1720 non
3194 1683 3248 1720 se
3275 1670 3422 1736 prius
3449 1679 3667 1723 mortem

2089 1753 2356 1807 obiturum
2387 1771 2546 1824 quam
2595 1755 2794 1808 videret
2837 1753 3105 1811 Christum
3149 1756 3384 1814 Domini.
3435 1757 3576 1824 Quid
3617 1759 3666 1814 ei

2019 1824 2060 1878 Β
2090 1844 2312 1915 profuit,
2343 1853 2403 1899 ut
2427 1844 2629 1899 videret
2654 1844 2969 1900 Christum?
2999 1844 3193 1900 Utrum
3231 1847 3338 1903 hoc
3371 1857 3579 1902 tantum
3612 1850 3666 1902 in

2090 1937 2455 2007 promissione
2502 1935 2710 2000 habuit,
2747 1945 2806 1991 ut
2850 1937 3056 1992 videret
3101 1938 3276 2003 illum,
3324 1939 3570 2009 nihilque
3599 1956 3666 1996 ex

2087 2013 2207 2083 visu
2243 2027 2361 2098 ejus
2392 2036 2813 2098 consequeretur
2835 2028 3132 2084 utilitatis?
3163 2045 3229 2084 an
3275 2031 3407 2086 latet
3445 2032 3666 2101 aliquod

2084 2120 2290 2183 donum
2321 2121 2542 2190 dignum
2582 2118 2700 2186 Dei,
2731 2120 2875 2190 quod
2900 2120 3092 2176 beatus
3125 2120 3346 2176 Simeon
3374 2131 3429 2176 et
3472 2123 3668 2178 meruit

2085 2221 2142 2266 et
2172 2211 2418 2280 accepit?
2444 2209 2740 2265 Fimbriam
2769 2211 3078 2266 vestimenti
3111 2210 3239 2266 Jesu
3277 2212 3472 2267 mulier
3495 2212 3668 2282 tetigit

2087 2311 2140 2357 et
2166 2311 2354 2358 sanata
2385 2311 2470 2356 est
2499 2303 2566 2355 ".
2607 2299 2663 2355 Si
2695 2302 2784 2356 illa
2826 2302 2892 2356 ad
2917 2311 3216 2357 extremam
3261 2309 3468 2372 partem
3497 2304 3667 2358 vesti-

2088 2394 2254 2448 menti
2302 2401 2509 2448 tantum
2545 2394 2896 2448 emolumenti
2945 2393 3156 2456 habuit,
3201 2395 3331 2463 quid
3366 2395 3666 2464 putandum

2085 2494 2169 2542 est
2188 2485 2254 2539 de
2281 2483 2556 2552 Simeone,
2588 2486 2682 2556 qui
2717 2486 2770 2538 in
2797 2500 2928 2540 suas
2957 2485 3116 2539 ulnas
3140 2485 3349 2554 accepit
3379 2485 3663 2553 infantem,

2085 2588 2138 2630 et
2166 2575 2403 2631 brachiis
2435 2584 2624 2630 tenens
2659 2575 2941 2629 laetabatur
2973 2582 3136 2643 atque
3168 2574 3438 2644 gaudebat
3468 2575 3661 2630 videns

2087 2668 2375 2738 parvulum
2411 2682 2442 2721 a
2482 2682 2542 2721 se
2580 2666 2802 2737 gestari,
2839 2666 2932 2736 qui
2970 2666 3035 2720 ad
3066 2667 3277 2722 vinctos
3304 2675 3526 2720 venerat
3575 2680 3666 2719 re-

2076 2758 2395 2822 solvendos,
2429 2773 2594 2826 seque
2619 2758 2794 2827 ipsum
2830 2757 2984 2812 nodis
3010 2757 3258 2827 corporis
3287 2756 3662 2811 liberandum:

2085 2855 2266 2906 sciens
2293 2851 2562 2904 neminem
2597 2865 2758 2918 posse
2790 2849 2858 2904 de
2905 2851 3148 2905 claustro
3181 2849 3427 2918 corporis
3468 2864 3663 2918 quem-

2083 2942 2229 3010 piam
2262 2942 2509 2996 emittere
2532 2955 2656 2994 cum
2692 2955 2788 3008 spe
2815 2940 3016 2996 futura:
3045 2943 3186 3004 vitae,
3212 2941 3317 2995 nisi
3348 2956 3471 2996 eum
3499 2955 3663 3010 quem

2085 3035 2143 3089 in
2196 3033 2436 3088 brachiis
2485 3033 2817 3088 continebat.
2867 3029 3022 3086 Unde
3071 3031 3139 3086 ad
3193 3047 3318 3086 eum
3371 3032 3660 3100 loquitur:

404 3135 608 3190 easque
634 3119 884 3184 sustolle,
915 3121 1058 3188 quod
1087 3136 1184 3188 pro
1216 3121 1445 3176 Domino
1477 3132 1669 3176 nostro
1710 3129 1764 3176 et
1793 3122 1981 3176 Salva-
2003 3164 2052 3224 ε
2090 3124 2246 3178 Nunc
2269 3125 2517 3189 dimittis,
2543 3123 2785 3190 Domine,
2810 3139 3014 3176 servum
3043 3132 3188 3176 tuum
3216 3125 3272 3176 in
3294 3140 3439 3192 pace.
3482 3122 3664 3188 Quan-

405 3218 524 3264 tore
546 3210 738 3265 oblata:
767 3219 913 3265 sunt.
959 3209 1025 3265 Ut
1057 3211 1304 3279 o/I‘errent
1341 3229 1435 3281 pro
1465 3229 1525 3266 eo
1554 3229 1653 3282 par
1692 3221 1979 3279 turturum,

405 3314 498 3354 aut
545 3303 678 3354 duos
710 3302 882 3363 pullos
921 3302 1306 3362 columbarum.
1341 3301 1553 3359 Novum
1587 3303 1717 3374 quid
1750 3302 1979 3358 forsitan

403 3394 590 3447 videar
620 3394 841 3457 inferre,
889 3395 980 3448 sed
1012 3410 1110 3463 pro
1160 3395 1443 3464 majestate
1493 3410 1684 3464 parum
1735 3395 1978 3465 dignum.

404 3482 559 3538 Sicut
584 3499 724 3539 nova
750 3483 852 3537 fuit
889 3485 1164 3553 generatio
1191 3483 1519 3548 Salvatoris,
1557 3500 1664 3538 non
1697 3500 1764 3538 ex
1789 3485 1907 3538 viro
1927 3494 1983 3540 et

405 3575 652 3639 audiere,
701 3575 793 3628 sed
841 3589 903 3627 ex
942 3575 1055 3627 sola
1103 3584 1312 3627 tantum
1356 3573 1616 3643 Virgine:
1657 3574 1738 3629 sic
1780 3583 1834 3628 et
1883 3590 1982 3644 par

405 3675 678 3719 turturum
709 3674 761 3717 et
791 3663 902 3717 duo
931 3663 1061 3731 pulli
1101 3663 1480 3716 columbarum
1515 3679 1626 3717 non
1650 3661 1871 3718 fuerunt
1897 3672 1982 3718 ta-

404 3757 482 3811 les
514 3758 705 3826 quales
731 3755 905 3809 oculis
935 3755 1119 3816 carnis
1148 3756 1477 3826 aspicimus;
1512 3755 1606 3811 sed
1637 3756 1825 3826 quales
1855 3754 1981 3826 Spi-

403 3852 545 3902 ritus
583 3859 804 3903 sanctus
837 3856 942 3910 est,
975 3847 1065 3916 qui
1097 3847 1148 3901 in
1187 3849 1366 3917 specie
1398 3848 1663 3904 columba;
1705 3848 1980 3904 descendit

405 3951 458 3994 et
488 3940 636 3994 venit
678 3955 839 4007 super
871 3937 1234 4002 Salvatorem,
1267 3935 1486 4008 quando
1521 3937 1575 3992 in
1605 3937 1842 3993 Jordane
1883 3937 1980 3992 ba-

405 4033 638 4102 ptizatus
660 4032 848 4084 θεων.
871 4031 1002 4086 Tale
1029 4030 1130 4084 fuit
1153 4038 1206 4083 et
1223 4045 1319 4099 par
1337 4037 1608 4092 turturum
1636 4044 1650 4080 :
1685 4043 1792 4082 non
1825 4037 1978 4082 erant

401 4124 508 4178 illa:
543 4123 791 4177 volucres
824 4123 934 4193 (41)
967 4131 1024 4175 ιιι
1063 4121 1180 4175 ista:
1222 4136 1342 4190 qua:
1383 4135 1479 4189 per
1518 4134 1698 4173 aerem
1729 4118 1976 4180 volitant,

403 4217 494 4270 sed
542 4216 784 4270 divinum
833 4213 1092 4284 quiddam
1141 4222 1196 4267 et
1242 4213 1481 4267 humana
1527 4210 1979 4278 contemplatione

403 4307 708 4375 angustius,
756 4306 859 4359 sub
891 4305 1071 4374 specie
1100 4302 1366 4358 columba:
1397 4312 1452 4357 et
1489 4300 1718 4355 turturis
1748 4314 1978 4369 appare-

403 4397 513 4463 bat,
552 4407 609 4451 ut
640 4413 746 4451 non
784 4397 984 4451 talibus
1014 4395 1248 4450 victimis
1289 4393 1550 4471 qualibus.
1575 4405 1764 4447 omnes
1802 4392 1978 4446 homi-

472 4555 518 4588 ⁸⁸
553 4553 684 4609 Luc.
725 4569 764 4619 ι,
797 4551 890 4608 '55.
967 4555 1011 4588 ²⁹
1049 4553 1196 4610 Psal.
1249 4570 1361 4622 ut,
1404 4552 1460 4608 6.
1535 4555 1604 4586 ”°
1643 4553 1833 4614 Matth.
1875 4570 1960 4608 tu.

2083 3215 2175 3271 diu
2219 3213 2364 3268 enim
2412 3213 2693 3267 Christum
2742 3227 2848 3265 non
2896 3212 3167 3278 tenebam,
3219 3213 3461 3282 quantliu
3509 3213 3660 3267 illum

2083 3304 2220 3360 meis
2246 3302 2488 3358 brachiis
2531 3318 2640 3356 non
2682 3301 2980 3365 aretabam,
3027 3301 3248 3357 clausus
3295 3317 3467 3379 eram,
3497 3311 3548 3356 et
3593 3302 3662 3357 de

2083 3395 2317 3452 vinculis
2346 3395 2495 3450 exire
2531 3408 2637 3449 non
2678 3404 2942 3464 poteram.
2973 3392 3086 3448 lloc
3124 3403 3304 3448 autem
3349 3409 3456 3448 non
3483 3395 3661 3450 solum

2083 3486 2150 3540 de
2175 3485 2450 3548 Simeone,
2483 3484 2577 3538 sed
2607 3483 2674 3537 de
2702 3484 2849 3536 omni
2886 3482 3128 3536 humano
3162 3499 3355 3552 genere
3381 3484 3660 3539 sciendum

2083 3587 2185 3632 est.
2221 3576 2281 3630 Si
2317 3575 2442 3645 quis
2474 3575 2752 3643 egreditur
2777 3589 2809 3628 e
2856 3575 3082 3636 mundo,
3127 3574 3172 3628 si
3208 3575 3331 3642 quis
3378 3589 3409 3628 e
3442 3589 3662 3628 carcere

2084 3667 2388 3730 vinctorum
2422 3666 2586 3718 domo
2633 3664 2943 3726 dimittitur,
2975 3674 3034 3719 ut
3072 3664 3140 3718 ad
3185 3662 3520 3733 regnandum
3564 3679 3660 3718 va-

2082 3760 2194 3828 dat,
2239 3766 2422 3812 sumat
2447 3755 2634 3809 Jesum
2688 3759 2742 3810 in
2789 3756 3042 3810 manibus
3087 3753 3223 3820 suis,
3270 3762 3324 3808 et
3357 3755 3660 3808 circumdet

2081 3867 2205 3906 eum
2240 3849 2478 3903 brachiis
2518 3848 2656 3910 suis.
2705 3856 2876 3902 totum
2919 3847 3116 3901 habeat
3163 3846 3215 3900 in
3265 3845 3410 3910 sinu,
3439 3855 3495 3899 et
3523 3854 3657 3900 tunc

2081 3942 2361 3997 exsultans
2414 3939 2493 3992 ire
2546 3939 2762 4007 poterit,
2806 3953 2916 4007 quo
2956 3937 3247 3990 desiderat.
3297 3935 3658 3992 Considerate

2081 4039 2283 4100 quanta
2321 4025 2654 4096 dispensatio
2691 4024 3050 4096 prazccsserit,
3086 4031 3143 4075 ut
3185 4021 3380 4074 Filium
3440 4019 3530 4073 Dei
3575 4017 3660 4075 Si-

2080 4135 2238 4173 lliCOll
2275 4127 2574 4170 mereretur
2607 4125 2808 4169 tenere.
2842 4113 3081 4166 Ρτὶηιυιιι
3107 4127 3426 4181 responsum
3459 4127 3488 4164 a
3517 4126 3647 4165 san-

2077 4221 2166 4266 eto
2216 4208 2419 4278 Spiritu
2471 4215 2771 4277 acceperat,
2828 4221 2937 4264 non
2984 4221 3107 4258 cum
3160 4206 3342 4259 videre
3389 4214 3644 4272 mortem,

2080 4301 2182 4363 nisi
2231 4303 2386 4370 prius
2427 4300 2652 4356 vidisset
2691 4299 2968 4354 Christum
3018 4295 3254 4358 Domini.
3296 4295 3500 4357 Deinde
3539 4311 3646 4352 non

2082 4393 2303 4447 fortuitu
2331 4407 2398 4447 ac
2435 4391 2761 4460 simplicium
2795 4389 3081 4459 ingressus
3107 4397 3196 4446 εει
3240 4387 3522 4456 teumlum,
3550 4388 3651 4446 rsed

2039 4555 2086 4586 '°
2128 4550 2314 4607 Matth.
2336 4565 2420 4616 ιιι,
2448 4547 2541 4616 20,
2570 4546 2662 4606 22.

400 4712 559 4748 carne
603 4694 824 4755 Christi,
850 4709 995 4764 cap.
1021 4693 1110 4750 2‘5.
1158 4700 1320 4762 atque
1365 4705 1578 4764 eorum,
1611 4704 1748 4764 quos
1797 4687 1971 4764 gene-
2003 4695 2048 4754 ι)
2076 4703 2248 4764 eoque
2275 4684 2574 4764 Ezechielis
2596 4683 2822 4764 oraculo
2856 4681 3314 4764 corrobpratumg:
3352 4678 3519 4764 Porta
3540 4682 3653 4737 haec

404 4765 632 4819 brardus
660 4775 822 4832 atque.
847 4759 1070 4818 Hu'etius
1099 4759 1421 4832 praetexunt,
1442 4759 1712 4832 Ambrosii
1739 4759 1965 4832 scilicet,

402 4835 702 4898 Athanasii,
730 4829 933 4896 Basilii,
968 4833 1061 4901 qui
1089 4829 1156 4884 de
1181 4830 1408 4898 virginei
1437 4829 1658 4901 cla-nstri
1689 4829 1968 4901 apertione

404 4906 455 4957 in
485 4915 641 4974 partu
672 4897 969 4974 disserunt.
990 4897 1176 4974 ‘Probe
1216 4897 1631 4974 autem__Huetio
1658 4899 1964 4974 nowndu-m

400 4968 503 5037 est,
548 4973 803 5028 omnibus
855 4973 924 5026 iis
967 4971 1338 5039 exceptionem
1393 4969 1540 5039 illam
1605 4968 1966 5022 adhibendam

401 5060 542 5109 esse,
572 5058 678 5112 qua
715 5043 780 5096 ad
817 5038 1133 5112 solvendum
1175 5038 1449 5112 Ambrosii
1492 5039 1690 5112 locum,
1724 5053 1857 5112 usus
1885 5046 1969 5092 est

402 5105 642 5167 Thomas
669 5124 817 5182 p.m,
851 5128 905 5180 q.
940 5109 1030 5173 28,
1056 5108 1162 5182 ατε,
1195 5110 1267 5162 ita
1308 5123 1500 5176 nempe
1527 5109 1741 5182 locutos
1775 5105 1967 5161 Patres

401 5185 546 5245 illos,
575 5176 698 5235 cum
729 5182 857 5234 illud
870 5176 1220 5248 'evangeliatze
1242 5187 1616 5248 exponerent;
1646 5176 1820 5248 Omne
1850 5193 1965 5228 nta-

401 5253 661 5307 sculinum
692 5251 1001 5320 adaperiens
1027 5246 1256 5320 vulvam,
1286 5257 1528 5320 sanctum
1564 5246 1784 5320 Domino
1814 5261 1966 5306 voca-

403 5324 584 5376 bitur:
621 5322 764 5390 quod
791 5315 1009 5389 quidem
1040 5335 1105 5372 ex
1137 5318 1350 5390 vulgata
1392 5315 1642 5390 loquendi
1678 5325 1968 5390 consuetu:

402 5383 871 5460 dine—usurpatum
905 5399 1007 5460 est,
1045 5404 1149 5460 non
1187 5383 1251 5440 ad
1300 5383 1964 5460 signiﬁcandam-virginei

404 5461 566 5528 sigilli
603 5461 654 5530 in
682 5454 1301 5530 puerpet'io’lazsiOItetn,_
1330 5454 1421 5510 sed
1465 5456 1669 5530 exitum
1703 5454 1967 5530 dunt—auat

442 5523 568 5584 rolis
599 5529 666 5583 de
682 5523 874 5583 'utero.
907 5529 1172 5582 Caeterum
1205 5527 1392 5583 eodem
1430 5526 1721 5578 adnotante
1751 5523 1963 5588 lluetio,

442 5547 568 5584 rons
599 5547 666 5583 ae
701 5547 874 5583 utero.
907 5547 1172 5582 ueterum
1205 5547 1392 5583 eodem
1430 5547 1721 5578 adnotante
1751 5547 1963 5588 uueuu,

403 5547 508 5654 nec
545 5608 628 5652 est
665 5600 884 5668 optimm
909 5598 1151 5668 Patrum
1173 5605 1279 5668 tam
1311 5595 1648 5660 Graecorum,
1672 5609 1838 5668 quam
1866 5593 1971 5654 {La-

403 5671 640 5722 tinorum
666 5664 854 5737 partis,
887 5679 939 5723 et
955 5666 1217 5737 Ephesini
1249 5675 1506 5736 przeterea
1531 5664 1969 5737 concilii_decre-

407 5749 541 5804 tnnr,
598 5734 858 5806 perpetuo
908 5734 1161 5792 Ecclesiae
1205 5734 1475 5792 consensu
1533 5734 1965 5804 comprobatum,

2075 4752 2258 4810 clausa
2290 4757 2391 4810 erit
2422 4771 2439 4807 :
2472 4770 2573 4808 non
2611 4755 2894 4823 aperietur,
2924 4755 3095 4823 et_vir
3135 4769 3236 4804 non
3273 4752 3519 4804 transibit
3561 4769 3655 4820 per

2073 4843 2187 4880 eam
2212 4843 2230 4889 ,°
2257 4827 2505 4896 quoniam
2529 4821 2789 4896 Dominus
2812 4823 2969 4896 Deus
2979 4821 3154 4896 Israel
3174 4823 3439 4896 ingressus
3463 4830 3540 4875 est
3561 4839 3654 4889 per

2072 4913 2222 4958 eam;
2267 4890 2464 4976 eritque
2505 4893 2989 4976 .clausq_principi,
3021 4890 3293 4976 illibatam
3324 4899 3397 4976 etl
3427 4890 3479 4970 in
3501 4907 3651 4976 “cou-

2076 4975 2232 5034 ceptu
2275 4975 2328 5019 et
2373 4959 2427 5018 in
2473 4973 2630 5033 partu
2681 4959 2864 5034 Marias
2900 4959 3287 5034 virginitatem,
3335 4959 3650 5034 Christique

2075 5030 2276 5103 corpus
2306 5030 2496 5089 eodem
2528 5033 2691 5103 modo
2720 5033 2866 5086 foras
2892 5030 3218 5103 prodidisse,
3249 5046 3362 5099 quo
3392 5030 3457 5083 ad
3481 5030 3649 5085 disci-

2077 5102 2233 5173 pulOs
2263 5102 2773 5173 obseratisforibus
2802 5102 3118 5173 penetravit.

2146 5175 2260 5243 (41)
2302 5173 2492 5227 Merito
2519 5169 2817 5243 Origenes,_
2840 5172 2983 5243 quod
3023 5173 3076 5224 in
3109 5169 3409 5243 Scripturis
3445 5171 3648 5243 edisse-

2075 5240 2280 5305 rendis,
2307 5240 2657 5311 pessumdata
2696 5243 2893 5309 sacpius
2931 5241 3192 5295 historico
3223 5255 3408 5302 sensu,
3443 5240 3646 5311 allego-

2075 5313 2202 5368 ricis
2245 5310 2677 5380 expositionibus
2720 5313 2794 5364 rei
2851 5311 3131 5364 veritatem
3182 5311 3472 5380 praevertit,
3504 5310 3646 5363 male

2073 5383 2214 5451 apud
2258 5377 2514 5436 Ecclesiae
2557 5381 2744 5451 Patres
2783 5381 3065 5451 continqu
3091 5377 3284 5432 audiit.
3321 5377 3471 5451 llaud
3499 5390 3647 5451 certe

2074 5448 2211 5514 scio,
2243 5469 2350 5521 qua
2397 5452 2568 5520 possit
2597 5452 2710 5506 haec.
2737 5449 3118 5521 interpretatio
3132 5448 3483 5521 excusatione
3515 5450 3646 5503 obli-

2076 5524 2203 5583 uiri,
2236 5516 2358 5576 c'um
2393 5516 2634 5574 turtures
2659 5535 2759 5590 pro
2787 5516 3004 5573 Christo
3036 5519 3248 5572 oblatos
3270 5516 3437 5590 fuisse
3466 5531 3645 5588 negat,

2075 5592 2330 5655 volucres,
2353 5602 2408 5644 ut
2439 5593 2557 5645 ista:
2604 5587 2746 5652 stt—nt,
2776 5605 2892 5658 qua:
2935 5604 3026 5657 per
3067 5603 3242 5641 aerem
3274 5587 3513 5651 volitant,
3558 5592 3648 5642 sed

2075 5664 2309 5715 divinum
2352 5661 2604 5730 quiddam
2646 5669 2696 5730 et
2724 5661 2954 5730 humana
3005 5658 3444 5730 contemplatione
3476 5674 3650 5728 augu-

2075 5743 2230 5796 st'us,
2267 5727 2548 5798 sub'spccie
2587 5727 2842 5783 columba
2865 5738 2912 5781 et
2941 5728 3164 5781 turtnris
3189 5729 3518 5796 apparuisse.
