4084 6302
400 404 537 461 18ἷ9

1883 394 2204 456 ORIGENIS

3522 396 3667 452 181)

397 525 545 578 venit
569 524 621 576 in
655 516 912 590 templum
942 517 993 572 in
1023 517 1227 586 Spiritu
1255 510 1370 569 Dei.
1400 513 1664 585 Quotun
1689 515 1825 568 enim
1853 513 1967 581 Spi-
2003 516 2049 572 Α
2077 513 2363 583 vigilantes
2391 523 2443 568 et
2497 513 2853 569 observantes
2911 510 3192 568 custddias
3238 512 3420 569 noctis
3485 528 3664 586 supra
3728 542 3737 561 νγ

399 616 509 669 ritu
531 610 628 668 Dei
658 622 909 682 aguntur,
943 610 996 662 hi
1027 609 1127 677 ﬁlii
1159 617 1280 661 sunt
1309 607 1401 661 Dei
1437 608 1501 661 ³¹.
1537 606 1774 675 Spiritus
1809 606 1975 676 igitur

398 716 621 761 sanctus
662 719 786 757 eum
832 701 991 756 duxit
1039 700 1091 753 in
1139 693 1421 769 templum.
1455 693 1535 753 Tu
1568 713 1787 768 quoque
1814 697 1859 753 si
1894 698 1976 752 vis

399 804 583 848 tenere
606 792 817 858 Jesum,
849 800 904 848 et
928 790 1238 862 amplexare
1260 790 1531 855 manibus,
1557 800 1610 844 et
1637 788 1834 861 dignus
1857 787 1976 843 ﬁeri

396 884 546 940 exire
575 880 642 939 de
670 899 911 948 carcere,
949 883 1100 939 omni
1129 882 1315 938 labore
1337 884 1530 946 nitere,
1564 891 1621 935 ut
1648 880 1842 935 ducem
1878 880 1978 934 ha-

396 979 530 1033 beas
578 977 865 1047 Spiritum,
905 978 1203 1047 veniasque
1246 975 1311 1030 ad
1361 974 1621 1045 templum
1677 971 1793 1028 Dei.
1841 966 1980 1028 Ecce

399 1084 545 1124 nunc
574 1078 688 1124 stas
733 1068 786 1122 in
820 1070 1022 1139 templo
1051 1067 1271 1124 Domini
1308 1062 1457 1131 Jcsu,
1500 1067 1603 1120 hoc
1634 1072 1737 1129 est,
1778 1063 1833 1117 in
1880 1062 1982 1118 Ec-

397 1158 563 1214 clesia
592 1159 733 1229 ejus,
768 1160 870 1214 hoc
898 1171 980 1214 est
1012 1159 1272 1229 templum
1299 1158 1365 1213 de
1401 1157 1542 1210 vivis
1583 1155 1856 1225 lapidibus
1894 1169 1983 1209 ex-

399 1260 685 1307 structum.
725 1252 848 1308 Stas
889 1262 1068 1305 autem
1113 1251 1166 1305 in
1218 1250 1418 1319 templo
1468 1247 1710 1310 Domini,
1762 1246 1983 1315 quando

397 1343 507 1399 vita
542 1351 654 1407 tua,
689 1351 743 1397 et
772 1330 1116 1396 conversatio
1145 1337 1402 1395 Ecclesiae
1430 1336 1600 1392 fuerit
1623 1337 1983 1406 appellatione

398 1434 740 1505 dignissima.
776 1433 834 1487 Si
862 1433 1074 1489 veneris
1099 1433 1294 1502 spiritu
1328 1432 1392 1486 ad
1429 1431 1710 1500 templum,
1742 1428 1985 1483 invenies

398 1525 684 1590 parvulum
723 1523 934 1590 Jesum,
978 1523 1182 1578 levabis
1217 1523 1368 1576 illum
1400 1522 1642 1576 brachiis
1677 1522 1785 1576 tuis
1830 1528 1885 1576 et
1909 1520 1986 1575 di-

400 1630 531 1671 ces:
577 1615 734 1669 Nunc
771 1617 996 1669 dimittis
1024 1632 1230 1687 seruum
1272 1624 1442 1680 tuum,
1482 1613 1723 1677 Domine,
1754 1614 1810 1666 in
1838 1626 1983 1682 pace,

402 1707 691 1761 secundum
722 1708 934 1761 verbum
963 1716 1132 1760 tuum.
1167 1705 1450 1775 Sunulque
1476 1706 1693 1760 attende
1716 1704 1861 1775 quod
1898 1719 1988 1759 so.

404 1797 597 1851 lutioni
630 1804 685 1850 et
724 1795 1033 1851 dimissioni
1074 1811 1177 1865 pax
1221 1795 1403 1850 addita
1439 1796 1529 1851 sit.
1563 1794 1682 1851 Non
1710 1797 1853 1850 enim
1889 1797 1984 1860 ait,

404 1888 616 1942 Dimitti
640 1889 783 1955 volo,
814 1886 909 1943 sed
933 1903 1060 1943 cum
1092 1887 1486 1954 additamento,
1515 1886 1568 1941 in
1599 1902 1733 1957 pace
1762 1887 1981 1942 dimitti.

401 1978 539 2034 Nam
576 1987 630 2034 et
671 1980 830 2034 beato
861 1978 1095 2033 Abrahae
1138 1976 1246 2033 hoc
1291 1977 1435 2031 idem
1488 1978 1822 2047 promissum
1854 1987 1982 2033 est:

407 2071 487 2127 Tu
517 2081 692 2127 autem
721 2072 877 2126 uades
922 2070 992 2123 ad
1022 2080 1199 2137 patres
1241 2078 1357 2123 tuos
1394 2069 1449 2122 in
1465 2084 1624 2137 ,pnce,
1666 2054 1899 2122 nutritus
1932 2069 1988 2121 in

402 2176 611 2219 senecta
642 2164 798 2217 bona.
840 2161 973 2229 Quis
1015 2171 1098 2217 est
1140 2160 1233 2232 qui
1276 2159 1546 2214 moriatur
1576 2160 1629 2212 in
1675 2173 1828 2227 pace,
1880 2158 1988 2213 nisi

403 2257 496 2326 qui
530 2255 692 2310 habet
715 2266 902 2324 pacem
933 2252 1048 2319 Dei,
1080 2268 1203 2323 quae
1235 2265 1453 2305 omnem
1489 2265 1711 2305 sensum
1743 2257 1985 2319 superat,

405 2344 753 2415 custoditque
797 2358 894 2399 cor
934 2342 1271 2413 possessoris
1309 2341 1433 2397 sui?
1473 2340 1607 2407 Quis
1654 2347 1739 2394 est
1785 2339 1878 2409 qui
1922 2340 1989 2395 de

405 2435 605 2492 saeculo
656 2437 760 2490 isto
797 2433 1002 2489 recedit
1044 2433 1098 2486 in
1152 2447 1307 2502 pace,
1352 2432 1461 2487 nisi
1510 2432 1556 2487 is
1593 2431 1685 2501 qui
1734 2429 1990 2501 intelligit

405 2525 553 2593 quod
604 2523 748 2579 Deus
793 2534 907 2578 erat
943 2523 999 2577 in
1037 2523 1260 2578 Christo
1307 2522 1570 2577 mundum
1626 2521 1988 2576 reconcilians

406 2617 534 2680 sibi,
566 2612 813 2686 nihilque
844 2614 1124 2669 inimicum
1154 2614 1319 2668 habet
1347 2612 1720 2668 adversarium
1756 2612 1871 2680 Dei,
1895 2611 1988 2668 sed

406 2723 625 2765 omnem
661 2722 848 2778 pacem
879 2717 1040 2777 atque
1074 2705 1424 2762 concordiam
1449 2704 1608 2760 bonis
1642 2704 1699 2759 in
1729 2720 1789 2761 se
1810 2705 1990 2775 operi-

407 2801 511 2855 bus
539 2798 856 2868 assumpsit,
888 2806 940 2853 et
970 2797 1050 2853 sic
1081 2797 1136 2851 in
1169 2812 1300 2867 pace
1323 2796 1630 2867 dimittitur
1671 2811 1895 2868 pergere
1923 2796 1990 2852 ad

2078 620 2293 675 gregem
2323 621 2505 660 suum.
2537 606 2694 660 Venit
2720 605 2946 675 angelus
2989 606 3093 660 sub
3130 606 3245 675 ipsa
3287 605 3425 659 hora
3458 608 3663 662 nativi-

2079 698 2206 754 tatis
2234 696 2383 763 Jesu,
2419 707 2473 753 et
2499 698 2571 752 ait
2602 698 2667 752 ad
2703 714 2799 754 eos
2832 716 2846 752 :
2891 697 3165 751 Annuntio
3219 699 3363 752 vobis
3404 700 3666 770 gaudium

2085 807 2355 860 magnum.
2386 788 2490 857 Ite,
2524 803 2570 845 et
2605 791 2876 844 invenietis
2917 786 3178 860 infantem
3204 790 3495 846 involutum
3521 809 3663 862 pan-

2081 881 2184 950 nis,
2216 895 2264 938 et
2294 884 2526 954 positum
2558 884 2613 938 in
2656 882 2930 953 prmsepio.
2974 880 3218 937 Necdum
3245 883 3474 952 angelus
3497 883 3665 939 verba

2080 976 2315 1041 ﬁnierat,
2365 984 2419 1031 et
2452 989 2577 1030 ecce
2631 973 2923 1029 multitudo
2954 973 3194 1029 scelestis
3239 970 3514 1029 exercitus
3541 974 3667 1029 lau-

2081 1069 2212 1124 dare
2242 1068 2408 1140 coepit
2428 1078 2481 1124 et
2508 1068 2829 1123 benedicere
2857 1065 3051 1123 Deum.
3107 1064 3245 1121 Cum
3277 1066 3382 1122 hoc
3406 1075 3664 1145 pastores

2083 1160 2274 1229 trepidi
2313 1159 2738 1230 perspexissent,
2763 1166 2816 1212 et
2853 1157 3079 1228 angelus
3117 1157 3438 1213 recessisset
3464 1156 3532 1212 ab
3549 1156 3658 1221 eis,

2083 1248 2338 1302 dixerunt
2372 1248 2436 1302 ad
2469 1248 2696 1301 invicem
2729 1266 2742 1300 :
2777 1240 2976 1301 Eamus
3027 1247 3348 1315 Bethlehem,
3377 1257 3430 1303 et
3482 1247 3663 1302 videa-

2085 1354 2200 1390 mus
2232 1340 2435 1406 {aetum
2466 1337 2606 1407 quod
2635 1332 2894 1390 Dominus
2918 1337 3146 1391 ostendit
3177 1337 3350 1392 nobis.
3380 1336 3663 1394 Venerunt

2082 1436 2138 1480 et
2170 1427 2497 1481 invenerunt
2527 1424 2836 1494 parvulum.
2890 1421 3026 1480 Tam
3075 1426 3152 1480 illi
3193 1441 3357 1497 quam
3383 1438 3664 1497 parentes,

2087 1515 2332 1571 videntes
2383 1531 2505 1585 quae
2564 1514 2703 1570 facta
2763 1514 2999 1583 fuerant,
3042 1517 3459 1573 admirabantur
3500 1535 3667 1591 super

2084 1605 2210 1663 hoc.
2240 1605 2307 1662 Et
2333 1608 2401 1663 de
2428 1604 2683 1663 Simeone
2725 1607 2999 1674 scribitur,
3056 1610 3201 1679 quod
3231 1626 3509 1666 rumorem
3566 1628 3667 1667 au-

2089 1698 2228 1756 xerit
2282 1701 2551 1766 miraculi,
2602 1697 2686 1756 vel
2736 1717 2931 1773 magna
2986 1714 3113 1771 pars
3150 1699 3334 1768 fuerit,
3386 1706 3668 1776 tenuitque

2089 1808 2317 1862 puerum
2342 1791 2400 1846 in
2434 1791 2671 1846 brachiis
2700 1788 2836 1856 suis,
2861 1800 2913 1847 et
2937 1791 3045 1846 ait:
3079 1789 3236 1847 Nunc
3279 1795 3529 1860 dimittis,
3562 1794 3669 1849 Do-

2091 1885 2250 1948 mine,
2275 1898 2480 1938 servum
2511 1892 2655 1936 tuum
2684 1884 2740 1935 in
2766 1897 2913 1953 pace,
2940 1884 3226 1936 secundum
3255 1883 3468 1938 verbum
3495 1896 3668 1949 tuum,

2087 1977 2214 2047 quia
2250 1974 2488 2031 viderunt
2523 1975 2664 2028 oculi
2712 1975 2818 2028 ‘mei
2870 1974 3109 2028 salutare
3138 1985 3309 2031 tuum.
3367 1976 3663 2050 Fastigium

2086 2077 2160 2132 et,
2192 2076 2251 2121 ut
2280 2068 2352 2121 ita
2380 2066 2581 2129 dicam,
2608 2065 2823 2120 culmen
2858 2080 3025 2135 super
3062 2065 3149 2121 his
3172 2082 3295 2136 quae
3311 2067 3668 2139 jactabantar

2087 2162 2153 2217 de
2175 2160 2326 2226 Jesu,
2357 2169 2408 2215 ct
2437 2169 2590 2230 pater
2626 2170 2680 2215 et
2726 2170 2900 2216 mater
2922 2160 3066 2215 illius
3088 2161 3454 2227 mirabantur,
3484 2178 3666 2218 sermo

2090 2252 2363 2310 Simeonis
2393 2255 2515 2310 fuit.
2546 2253 2664 2310 Non
2687 2256 2832 2310 enim
2862 2252 3059 2311 suilicit
3082 2254 3130 2309 ei
3155 2256 3665 2326 tenereparvulum,

2088 2355 2144 2402 et
2172 2361 2233 2401 ea
2256 2362 2380 2417 quas
2407 2347 2474 2402 de
2505 2348 2799 2417 semetipso
2843 2347 3048 2416 scripta
3085 2356 3215 2403 sunt
3266 2350 3540 2418 proloqui,
3574 2346 3670 2405 sed

2091 2437 2369 2493 benedixit
2393 2438 2530 2509 patri
2586 2438 2734 2493 illius
2772 2448 2828 2494 et
2857 2440 3018 2494 matri
3054 2457 3066 2492 :
3116 2447 3170 2494 et
3213 2441 3278 2494 de
3300 2437 3425 2509 ipso
3451 2454 3671 2516 quoque

2089 2530 2432 2599 prophetarit
2455 2529 2679 2596 infante,
2705 2530 2891 2586 dicens
2919 2547 2932 2584 :
2966 2528 3101 2584 Ecce
3123 2531 3206 2583 hic
3232 2532 3438 2600 positus
3474 2541 3555 2585 est
3607 2534 3664 2584 in

2092 2622 2304 2676 ruinam
2358 2631 2408 2675 et
2452 2623 2884 2675 resurrectionem
2941 2621 3226 2677 multorum
3258 2623 3312 2676 in
3365 2621 3561 2685 Israel,
3609 2635 3661 2676 et

2091 2713 2147 2767 in
2189 2715 2397 2785 signum
2435 2716 2521 2768 cui
2566 2715 2977 2770 contradicetur.
3043 2714 3205 2769 Tuam
3241 2731 3442 2786 quoque
3494 2715 3667 2784 ipsius

2090 2806 2326 2860 animant
2360 2806 2707 2876 pertransibit
2745 2808 2978 2878 gladius,
3019 2817 3077 2862 ut
3101 2807 3386 2862 revelentur
3416 2807 3481 2860 de
3526 2808 3667 2860 mul-

409 2902 629 2948 sanetos
663 2891 872 2957 Patres,
910 2891 977 2945 ad
1017 2905 1156 2961 quos
1196 2898 1250 2945 et
1287 2897 1513 2945 sanctus
1561 2888 1836 2944 Abraham
1864 2904 1993 2961 pro-
2093 2897 2158 2950 tis
2185 2896 2430 2951 cordibus
2480 2897 2843 2967 cogitationes.
2883 2896 3022 2963 Quid
3078 2897 3185 2953 sibi
3221 2898 3336 2952 vult
3376 2897 3521 2967 quod
3545 2898 3666 2951 ait:

409 2982 586 3038 iectus
613 2983 738 3037 est?
767 2982 905 3048 Quid
929 2982 997 3037 de
1019 2979 1273 3036 Patribus
1300 2980 1533 3050 loquar?
1556 2980 1623 3035 ad
1656 2981 1833 3049 ipsum
1862 2996 1993 3050 quo-
2095 2987 2231 3042 Ecce
2266 2989 2351 3042 hic
2379 2990 2592 3058 positus
2648 2998 2725 3043 est
2782 2989 2836 3042 in
2868 2989 3079 3042 ruinam
3126 2999 3178 3043 et
3239 2989 3670 3043 resurrectionem

411 3089 518 3144 que
560 3074 654 3144 qui
684 3074 1131 3143 patriarcharum
1179 3072 1432 3142 princeps
1477 3081 1531 3128 et
1576 3072 1841 3129 Dominus
1884 3083 1988 3141 est,
2093 3077 2379 3131 multorum
2409 3079 2463 3131 in
2504 3077 2721 3132 Israel?
2768 3077 2904 3133 Huic
2933 3078 3060 3149 quid
3090 3078 3267 3134 simile
3291 3078 3345 3132 in
3377 3077 3673 3148 Evangelia

412 3164 491 3219 ire
515 3162 726 3228 desum,
751 3164 819 3219 de
846 3180 955 3234 quo
989 3164 1222 3219 dicitur:
1259 3162 1451 3216 Melius
1478 3172 1556 3218 est
1586 3165 1773 3220 resolvi
1803 3174 1851 3220 et
1879 3183 1992 3221 esse
2017 3171 2061 3230 C.
2093 3170 2391 3224 secundum
2418 3167 2681 3223 Joannem
2719 3169 2894 3239 reperi
2926 3170 3188 3239 scriptum
3228 3187 3242 3223 :
3286 3165 3351 3222 In
3399 3168 3674 3239 judicium

410 3271 531 3311 cum
561 3255 770 3310 Christo
798 3255 863 3308 ".
902 3255 995 3310 Ille
1028 3255 1185 3310 habet
1222 3254 1431 3324 Jesum,
1458 3258 1555 3335 qui
1592 3258 1756 3313 audet
1795 3257 1944 3329 loqui
1972 3275 1986 3313 :

426 3346 548 3400 Vivo
583 3346 699 3416 jam
735 3362 835 3401 non
867 3362 981 3417 ego,
1011 3347 1136 3400 vivit
1166 3363 1282 3401 vero
1316 3349 1372 3401 in
1407 3365 1487 3403 me
1533 3348 1779 3404 Christus
1822 3351 1887 3405 ³³.
1922 3349 1994 3408 Ut

412 3437 576 3506 igitur
615 3447 669 3491 et
697 3451 799 3493 nos
834 3436 1000 3507 950
1046 3445 1256 3494 stantes
1291 3437 1346 3492 in
1402 3441 1622 3510 templo,
1663 3448 1716 3496 et
1746 3450 1991 3499 tenentes

416 3529 507 3585 Dei
535 3528 757 3595 Filium,
784 3529 1259 3599 amplexantesque
1278 3544 1425 3596 eum,
1459 3530 1608 3602 digni
1642 3532 1988 3597 remissione,

415 3632 467 3677 et
500 3622 836 3692 profectione
873 3622 940 3677 ad
988 3622 1214 3677 meliora
1256 3623 1453 3686 simus,
1486 3638 1709 3679 oremus
1743 3625 1992 3695 omnipo-

416 3724 613 3769 tentem
645 3713 834 3780 Dettm,
868 3726 1087 3767 oremus
1116 3721 1177 3768 et
1218 3712 1329 3782 (42)
1361 3711 1539 3782 ipsum
1580 3714 1863 3783 parvulum
1902 3714 1991 3770 Je—

415 3820 560 3870 sum,
600 3819 763 3872 quem
797 3803 1001 3873 alloqui
1041 3811 1094 3858 et
1137 3809 1322 3857 tenere
1366 3801 1743 3858 desideramus
1779 3802 1832 3857 in
1865 3803 1991 3858 bra-

415 3894 553 3949 chiis
580 3913 594 3949 :
623 3895 710 3949 cui
740 3903 825 3949 est
847 3894 1019 3966 gloria
1045 3903 1098 3948 et
1129 3891 1418 3963 imperium
1449 3891 1504 3946 in
1537 3893 1733 3947 saecula
1770 3895 1992 3951 sarculo-

416 4001 560 4040 rum.
590 3985 785 4041 Amen.

981 4074 1265 4130 HOMILIA
1286 4073 1425 4130 XVI.

412 4169 492 4225 De
515 4187 574 4224 eo
600 4169 739 4240 quod
774 4168 1027 4238 scriptum
1057 4177 1136 4240 est
1160 4182 1182 4240 _:
1221 4185 1240 4217 ε
1273 4164 1457 4240 Erant
1479 4177 1630 4240 pater
1655 4169 1770 4238 ejus
1800 4180 1851 4225 et
1877 4188 1993 4225 ma-

486 4250 564 4295 ter
608 4236 1083 4309 inirantes'super
1116 4236 1196 4309 his
1245 4252 1362 4308 qua:
1386 4236 1717 4309 _dicebantu'r
1759 4241 1823 4293 de
1853 4257 1934 4309 eo,
1968 4261 1986 4295 ο

484 4325 645 4380 usque
684 4309 752 4361 ad
788 4309 957 4361 locum
996 4307 1084 4359 ubi
1131 4308 1209 4380 ait
1238 4306 1265 4361 :ﬁ
1311 4324 1330 4357 s
1377 4306 1513 4380 Ecce
1555 4310 1654 4362 iste
1682 4311 1885 4380 positus
1915 4306 1991 4366 est

481 4382 540 4433 in
561 4376 777 4432 ruinam
808 4387 855 4431 et
881 4377 1320 4431 resurrectionem
1350 4376 1636 4433 multorum
1665 4376 1720 4434 in
1753 4378 1984 4436 Israel.»

479 4450 613 4518 Cap.
640 4464 700 4502 tt.

483 4539 549 4594 Et
570 4548 746 4606 erant,
790 4538 987 4607 inquit,
1015 4547 1165 4609 pater
1197 4539 1343 4593 illius
1386 4548 1437 4595 et
1471 4548 1641 4594 mater
1661 4541 1990 4598 admirantes

413 4648 567 4702 super
613 4632 692 4685 his
739 4647 856 4701 qua:
907 4631 1218 4685 dicebantur
1262 4631 1325 4685 de
1373 4648 1454 4687 eo.
1500 4630 1904 4705 Congregemus
1935 4636 1988 4690 in

414 4740 585 4779 unum
614 4739 677 4778 ea
704 4738 827 4793 quae
856 4725 909 4778 in
938 4733 1058 4778 ortu
1097 4721 1225 4778 Jesn
1261 4723 1405 4779 dicta
1434 4723 1746 4795 scriptaque
1774 4736 1904 4782 sunt
1925 4728 1992 4783 de

412 4830 500 4883 eo,
529 4822 584 4868 et
604 4829 750 4868 nunc
783 4814 924 4869 scire
951 4814 1255 4884 poterimus
1303 4815 1514 4887 singula
1553 4831 1784 4888 qumque
1829 4818 1992 4889 digna

414 4920 539 4961 esse
572 4906 857 4960 miraculo.
887 4904 1253 4971 Quamobrem
1283 4906 1590 4962 mirabatur
1620 4917 1675 4963 et
1709 4917 1861 4979 pater
1888 4908 1990 4979 (sic

414 4998 561 5053 enim
587 4998 889 5068 appellatus
925 5005 1010 5053 est
1058 4997 1284 5069 Ioseph,
1346 4999 1475 5068 quia
1525 5001 1788 5056 nutritius
1817 4999 1989 5072 fuit),

418 5091 719 5146 mirabatur
745 5102 800 5147 et
821 5100 994 5145 mater
1023 5105 1187 5160 super
1218 5091 1474 5146 omnibus
1504 5107 1628 5163 qua:
1674 5092 1992 5149 dicebantur

420 5182 481 5238 de
513 5199 598 5239 eo.
630 5182 890 5249 Quaenam
939 5197 1070 5252 ergo
1120 5191 1267 5248 sunt,
1328 5198 1451 5254 qua:
1485 5183 1554 5240 de
1606 5185 1834 5254 parvulo
1860 5183 1988 5241 Jesu

418 5278 563 5332 [ama
626 5276 995 5345 disperserat?
1048 5274 1303 5332 Pastores
1339 5286 1495 5331 erant
1525 5277 1581 5330 iu
1625 5277 1847 5347 regione
1872 5277 1989 5343 illa,

489 5438 531 5470 ³¹
569 5437 726 5491 Rom.
755 5451 872 5501 vm,
904 5436 991 5491 H.
1076 5437 1122 5468 "
1153 5434 1297 5490 Phil.
1332 5449 1373 5501 ι,
1403 5435 1495 5489 25.
1573 5435 1619 5467 ³³
1650 5435 1827 5493 Galat.
1860 5452 1904 5503 ι,
1927 5437 2018 5492 20.

490 5569 604 5638 (i2)
631 5567 895 5637 Colligere
914 5564 1042 5638 hinc
1060 5566 1472 5638 licet_,__sensisse
1486 5565 1802 5638 Origenem,
1823 5583 1989 5624 oran-

419 5633 549 5692 dum
579 5633 797 5706 quidem
825 5651 950 5691 cum
970 5635 1146 5706 pilatre
1166 5633 1386 5706 Filium,
1411 5637 1502 5706 sed
1537 5633 1754 5693 diverso
1779 5639 1986 5695 oratio-

421 5710 507 5762 nis
536 5703 730 5777 gcnere
754 5723 769 5759 :
790 5719 929 5777 qua:
968 5703 1042 5756 illi
1068 5704 1294 5777 multam
1322 5705 1576 5777 invidiam
1612 5707 1860 5762 doctrina
1894 5724 1989 5777 pc.

420 5771 576 5847 perit.
613 5771 841 5845 perinde
868 5782 1029 5842 atque
1061 5771 1320 5826 sensisset
1350 5792 1365 5827 :
1403 5772 1525 5826 Non
1559 5791 1670 5830 esse
1727 5771 1986 5833 orandum

2093 3277 2184 3331 ego
2218 3262 2270 3315 in
2303 3259 2557 3313 mundum
2618 3260 2776 3313 istum
2807 3260 2942 3324 veni,
3003 3268 3061 3313 ut
3108 3260 3198 3330 qui
3238 3276 3340 3314 non
3389 3261 3561 3315 vident
3596 3261 3675 3315 ri-

2092 3354 2273 3420 deant,
2313 3362 2361 3405 et
2395 3354 2487 3423 qui
2513 3352 2683 3406 vident
2713 3352 2839 3406 circi
2874 3352 3008 3420 ﬁant
3042 3352 3106 3407 ".
3137 3350 3426 3418 Quomodo
3453 3368 3580 3424 ergo
3613 3352 3672 3407 in

2080 3444 2356 3516 judicium
2390 3443 2557 3510 venit,
2586 3452 2647 3499 ut
2678 3459 2786 3498 non
2816 3443 3057 3498 videntes
3086 3447 3153 3499 de
3176 3444 3491 3501 nationibus
3526 3444 3674 3499 vide-

2092 3546 2233 3602 rent,
2268 3545 2323 3591 et
2350 3536 2444 3605 qui
2480 3535 2632 3606 prius
2664 3536 2921 3590 videbant
2965 3536 3033 3590 de
3069 3534 3235 3592 Israel
3266 3538 3393 3592 caeci
3441 3538 3628 3592 ﬁerent
3651 3556 3669 3593 :

2094 3630 2175 3685 sic
2200 3629 2345 3684 venit
2386 3629 2443 3683 in
2487 3628 2704 3682 ruinam
2739 3637 2792 3683 et
2842 3628 3297 3683 resurrectionem
3352 3630 3670 3683 multorum.

2096 3719 2152 3774 ln
2180 3720 2421 3775 adventu
2448 3719 2597 3774 enim
2636 3717 2850 3772 Domini
2901 3717 3224 3784 Salvatoris,
3253 3720 3343 3788 qui
3389 3719 3538 3790 prius
3560 3728 3674 3773 ste-

2096 3816 2294 3873 terant,
2325 3816 2671 3875 corruerunt,
2701 3815 2756 3862 et
2796 3807 2888 3878 qui
2920 3808 3248 3875 ceciderant,
3293 3822 3669 3866 surrexerunt.

2095 3899 2217 3955 Una
2250 3899 2367 3955 haec
2397 3909 2481 3953 est
2510 3899 2883 3969 interpretatio
2916 3900 2983 3954 de
3028 3916 3094 3955 eo
3136 3901 3281 3971 quod
3308 3901 3510 3956 dictum
3539 3910 3621 3955 est
3652 3918 3670 3956 :

2098 3991 2233 4046 Ecce
2288 3991 2372 4044 hic
2428 3990 2632 4061 positus
2687 3992 2855 4045 estin
2912 3992 3123 4046 ruinam
3161 4003 3209 4047 et
3243 3994 3673 4047 resurrectionem

2097 4082 2387 4137 multorum
2423 4083 2478 4136 in
2505 4081 2702 4137 Israel.
2735 4081 2831 4137 Est
2864 4093 3045 4139 autem
3075 4092 3130 4139 et
3157 4084 3322 4139 altius
3357 4082 3485 4154 quid
3516 4083 3677 4137 intel-

2095 4177 2371 4247 ligendum
2398 4176 2661 4235 adversus
2686 4192 2783 4233 eos
2812 4178 2893 4232 vel
2926 4178 3179 4243 maxime,
3201 4178 3293 4245 qui
3323 4187 3511 4231 comra
3533 4175 3678 4231 Con-

2095 4270 2325 4324 ditorem
2363 4271 2581 4338 latrant,
2601 4280 2654 4325 et
2684 4270 2811 4324 hinc
2840 4270 2965 4324 inde
2992 4270 3057 4325 de
3083 4267 3256 4323 Veteri
3300 4266 3673 4334 Testamento,

2096 4377 2216 4431 quae
2242 4377 2351 4417 non
2377 4362 2706 4433 intelligunt,
2749 4362 3056 4417 testimonia
3094 4369 3503 4433 congregantes,
3530 4359 3675 4415 sim-

2096 4452 2321 4522 plicium
2362 4451 2527 4508 corda
2554 4450 2854 4521 decipiunt.
2906 4450 3074 4506 Aiunt
3126 4450 3316 4506 enim:
3359 4449 3496 4505 Ecce
3527 4447 3677 4506 Deus

2098 4543 2232 4613 legis
2259 4551 2315 4597 et
2357 4542 2770 4613 prophetarum,
2817 4540 2996 4598 videte
3037 4540 3217 4610 qualis
3253 4539 3365 4594 sit:
3424 4536 3558 4608 Ego,
3584 4537 3675 4591 in-

2098 4634 2220 4702 quit
2243 4633 2312 4697 ³⁵,
2345 4632 2608 4697 occidam,
2643 4632 2812 4685 vivere
2846 4630 3044 4700 faciam
3066 4646 3086 4684 :
3142 4629 3460 4698 percutiam,
3487 4628 3537 4680 el
3580 4642 3677 4695 ego

2099 4724 2296 4779 sanabo
2327 4739 2346 4778 :
2376 4733 2426 4779 et
2460 4740 2565 4778 non
2584 4732 2661 4778 est
2691 4723 2782 4794 qui
2806 4732 2959 4777 eruat
2986 4724 3050 4777 de
3098 4721 3345 4776 manibus
3386 4720 3533 4775 meis.
3564 4719 3680 4772 Au-

2099 4817 2275 4881 diunt,
2305 4817 2567 4882 occidam,
2599 4825 2655 4872 et
2678 4832 2788 4871 non
2813 4815 3064 4881 audiunt,
3087 4815 3359 4878 riviﬁcabo
3382 4830 3401 4867 :
3425 4812 3673 4876 audiunt,

2100 4908 2418 4977 percutiam,
2449 4915 2503 4962 et
2556 4907 2746 4961 audire
2800 4914 3179 4973 contemnunt,
3229 4914 3281 4959 et
3322 4922 3414 4974 ego
3453 4901 3674 4957 sanabo.

2095 4999 2413 5055 Istiusmodi
2461 4999 2845 5056 occasionibus
2895 4998 3210 5056 Creatorem
3251 4995 3678 5055 calumniantur.

2095 5089 2264 5162 Igitur
2281 5099 2571 5160 antequam
2591 5090 2978 5162 interpretetur
2999 5107 3162 5161 quem
3193 5105 3414 5146 sensum
3439 5087 3637 5142 habeat
3661 5105 3679 5142 :

2094 5181 2209 5253 Ego
2236 5183 2554 5252 interﬁciam
2603 5193 2654 5239 et
2690 5184 2986 5254 viviﬁcabo,
3037 5184 3333 5253 percutiam
3374 5190 3424 5236 et
3454 5178 3681 5244 sanabo,

2094 5287 2367 5343 opponam
2390 5272 2470 5330 eis
2492 5275 2869 5331 testimonium
2914 5273 3216 5348 Evangelii,
3256 5274 3549 5344 dicamque
3574 5270 3683 5326 ad-

2095 5435 2143 5469 "
2170 5433 2330 5492 Joan.
2364 5451 2444 5507 ts,
2465 5435 2561 5494 '59.
2637 5437 2683 5472 ³⁵
2712 5438 2871 5496 Deut.
2905 5453 3081 5502 xxxii,
3122 5435 3210 5493 59.
3240 5414 3241 5417 η

2099 5564 2327 5644 Filium,
2362 5588 2526 5644 neque
2552 5591 2671 5628 cum
2701 5572 2846 5628 Filio
2871 5573 3108 5629 Patrem.
3145 5571 3259 5629 Hoc
3280 5572 3540 5628 nimirum
3566 5573 3677 5630 eri.

2094 5639 2339 5724 minatur
2367 5639 2701 5724 Theophilus
2732 5645 2786 5698 in
2839 5644 3182 5724 synodica_a_
3230 5644 3390 5724 nobis
3435 5647 3687 5724 pijmuni

2095 5710 2316 5786 vulgata
2377 5710 2537 5786 inter‘
2567 5710 3019 5786 Hieronymianas
3045 5714 3209 5786 epist.
3245 5713 3336 5781 92,
3391 5710 3451 5770 ιιῖ
3481 5714 3538 5781 2,
3565 5717 3685 5774 col.

2095 5776 2225 5850 51f,
2262 5797 2428 5853 quam
2458 5783 2669 5854 juvabit
2697 5776 3013 5838 rcéoluisse.
