4084 6302
430 358 568 416 18M

1597 347 1662 401 IN
1702 344 1940 402 LL‘CAM
1982 341 2261 399 HOMILIA
2296 338 2455 397 XViI.

3530 337 3697 394 18¢?

436 481 655 521 versum
705 465 1006 521 haereticos.
1040 461 1478 522 Innumerabiles
1527 468 1728 537 "quippe
1778 465 2013 520 haereses
2043 466 2086 521 Α
2117 473 2258 526 rant,
2312 468 2602 530 postquam
2677 451 2895 509 Domini
2955 451 3271 507 mandatum
3325 450 3696 521 praetergressi

374 538 395 595 Ϊ⁴
435 566 586 621 sunt,
625 571 753 625 qua
775 556 1129 627 Evangelium
1154 558 1454 613 secundum
1488 555 1692 614 Lucam
1724 554 2014 625 recipiunt.

439 644 494 702 Si
526 657 813 717 propterea
842 653 1128 714 cruentus,
1156 654 1213 702 et
1256 647 1311 701 in
1341 657 1553 702 tantum
1610 661 1788 702 saevus
1813 655 1867 700 et
1894 660 2020 699 cru-

435 737 576 791 delis
611 745 697 793 est
724 735 1007 804 Conditor,
1054 738 1184 808 quia
1228 738 1402 795 dicit:
1441 738 1552 810 Ego
1599 738 1936 806 interﬁciant,
1965 747 2015 791 et

434 827 709 897 viuiﬁcabo
740 842 761 882 :
813 830 1132 898 percutiam,
1190 840 1239 885 et
1277 832 1505 898 sanabo,
1565 829 2017 886 manifestissime

432 930 519 975 est
543 929 599 975 et
646 917 836 975 Iesum
874 921 1048 992 ipsius
1094 939 1218 979 esse
1245 922 1484 991 Filium;
1521 924 1717 980 eadem
1743 923 2014 993 siquidem

436 1010 505 1065 de
526 1026 594 1067 eo
624 1013 830 1081 scripta
860 1021 991 1068 sunt
1021 1033 1043 1069 :-
1072 1013 1207 1069 Ecce
1239 1015 1325 1069 hic
1354 1017 1558 1086 positus
1586 1026 1663 1071 est
1709 1018 1765 1070 in
1805 1017 2014 1070 ruinam

432 1110 487 1157 et
516 1105 950 1158 resurrectionem
982 1106 1270 1160 multorum
1290 1108 1346 1162 in
1370 1106 1564 1163 Israel.
1592 1107 1708 1163 Non
1739 1109 1793 1163 in
1829 1124 2016 1164 resur-

432 1198 732 1254 rectionem
757 1207 992 1264 tantum,
1018 1202 1109 1258 sed
1140 1211 1195 1257 et
1240 1202 1293 1257 in
1329 1204 1567 1257 ruinam.
1602 1201 1660 1257 Si
1695 1203 1898 1257 malum
1929 1212 2014 1257 est

432 1291 755 1357 interllcere,
815 1292 1019 1347 malum
1050 1294 1123 1349 sit
1162 1303 1215 1349 et
1257 1294 1319 1348 in
1356 1294 1572 1348 ruinam
1613 1294 1818 1348 venire.
1869 1292 2011 1359 Quid

431 1382 877 1453 respondebunt?
902 1383 1170 1441 Utrumne
1202 1385 1454 1441 recedent
1502 1401 1532 1440 a
1584 1387 1732 1440 cultu
1771 1386 1907 1455 ejus,
1941 1400 2011 1439 an

429 1483 676 1543 quaerent
719 1475 959 1545 aliquam
1011 1477 1536 1547 interpretationem,
1588 1486 1643 1532 et
1676 1478 1742 1532 ad
1773 1477 2011 1546 tropolo-

427 1566 548 1638 gias
575 1567 911 1638 confugient,
942 1576 1001 1623 ut
1035 1569 1178 1638 quod
1219 1570 1274 1623 in
1323 1569 1539 1624 ruinam
1572 1571 1801 1635 venerit,
1860 1568 2012 1623 beni-

428 1659 687 1728 gnitatem
724 1660 897 1730 magis
926 1676 1093 1731 quam
1145 1662 1520 1716 austeritatem
1542 1662 1743 1717 sonet?
1778 1660 1842 1715 Et
1866 1675 2008 1731 quo-

428 1751 590 1805 modo
617 1750 826 1821 justum
882 1753 988 1807 erit
1043 1755 1263 1823 quando
1291 1754 1421 1823 quid
1468 1755 1521 1808 in
1576 1753 1872 1822 Evangelio
1901 1755 2008 1810 tale

427 1842 720 1910 reperitur,
745 1842 812 1897 ad
839 1843 1127 1915 allegorias
1156 1855 1205 1900 et
1234 1860 1404 1900 novas
1448 1846 1840 1917 intelligendas
1872 1862 2000 1901 con-

428 1934 650 2004 fugere:
681 1937 902 2006 quando
928 1952 1054 1991 vero
1080 1938 1133 1991 in
1168 1936 1349 1992 Veteri
1398 1938 1792 2001 Instrumento.
1820 1942 2004 1997 statim

425 2039 707 2092 accusare,
741 2035 797 2081 ct
819 2027 1021 2082 nullam
1045 2030 1505 2099 explanationem,
1533 2032 1787 2100 quamvis
1808 2033 2006 2102 proha-

425 2116 550 2173 hilis
578 2116 669 2183 sit,
699 2117 977 2188 recipere?
1020 2118 1127 2175 Sed
1185 2131 1240 2175 et
1292 2122 1395 2176 hoc
1437 2123 1585 2193 quod
1615 2124 1902 2194 sequitur:
1939 2124 2003 2179 In

419 2207 685 2278 judicium
715 2225 807 2280 ego
838 2211 952 2265 veni
975 2212 1031 2265 in
1058 2217 1311 2267 mundum
1348 2215 1530 2280 istum,
1552 2226 1610 2269 ut
1637 2233 1743 2270 non
1772 2218 2004 2272 videntes

422 2299 660 2366 videant,
705 2312 756 2354 et
787 2303 881 2373 qui
906 2304 1081 2358 vident
1130 2307 1261 2359 ccci
1299 2306 1434 2375 ﬁant
1463 2308 1528 2375 ³⁸,
1579 2309 1831 2379 quamvis
1855 2326 2005 2380 quae-

425 2399 550 2446 rant
570 2402 628 2447 ut
655 2394 977 2461 edisserant,
1008 2396 1233 2467 implere
1276 2414 1385 2453 non
1421 2411 1695 2470 poterunt.
1729 2401 1845 2474 Ego
1873 2420 2002 2460 vero

423 2484 553 2553 quia
578 2495 707 2554 opto
731 2501 853 2543 esse
878 2487 994 2558 (ιό)
1015 2489 1445 2555 ecclesiasticus,
1496 2501 1552 2549 et
1587 2510 1697 2551 non
1733 2498 1803 2552 ab
1827 2497 2002 2554 haere—

421 2576 641 2632 siarcha
671 2578 875 2648 aliquo,
903 2581 995 2633 sed
1020 2595 1050 2636 a
1071 2581 1276 2638 Christi
1303 2585 1568 2641 vocabulo
1596 2591 1924 2659 nuncupari,
1948 2602 2004 2647 et

422 2665 623 2720 habere
648 2682 847 2722 nomen
893 2669 1039 2740 quod
1086 2671 1425 2729 benedicitur
1479 2691 1643 2744 super
1683 2687 1906 2745 terram,
1948 2690 2003 2737 ct

419 2758 586 2827 cupio
611 2766 721 2813 tam
753 2774 919 2830 opere
968 2777 1133 2832 quam
1166 2779 1333 2821 sensu
1366 2775 1421 2821 et
1449 2782 1571 2824 esse
1599 2780 1653 2824 et
1692 2771 1800 2826 dici
1842 2773 2002 2830 Chri-

419 2844 654 2913 stisnus,
689 2849 954 2918 aequalem
982 2861 1037 2906 et
1062 2852 1114 2907 iu
1148 2856 1315 2910 veteri
1340 2867 1393 2910 et
1422 2856 1474 2911 in
1512 2874 1648 2915 nova
1674 2861 1792 2932 lege
1812 2878 1999 2933 quaero

418 2936 710 2992 rationem.
745 2938 1015 3011 Loquitur
1041 2942 1185 3000 Deus
1215 2965 1228 3000 :
1263 2944 1375 3018 Ego
1405 2950 1722 3019 interﬁciant
1754 2967 1771 3005 :
1824 2953 2001 3009 liben-

416 3034 503 3081 ter
547 3027 722 3084 habeo
753 3040 814 3086 ut
834 3032 1125 3089 interﬁciat
1151 3053 1237 3092 me
1266 3037 1428 3093 Deus.
1459 3041 1693 3107 Quando
1735 3044 1880 3098 enim
1908 3060 1999 3101 ve-

2118 563 2268 616 sunt,
2292 560 2572 623 cmperunt
2603 549 2787 603 videre
2816 545 2957 601 male
2982 554 3036 599 et
3069 552 3350 613 aspectum
3375 542 3696 597 obedientize

2117 642 2453 712 suln-ipicnte
2484 639 2702 703 delicto,
2730 643 2921 706 postea
2963 633 3336 702 perdiderunt.
3376 629 3489 700 Ego
3511 630 3591 685 sic
3622 630 3699 682 in-

2117 734 2302 803 tclligo
2326 741 2379 787 et
2412 730 2541 786 illud
2582 728 2727 800 quod
2754 726 2886 782 dicit
2945 723 3085 778 Deus
3117 724 3161 755 ’⁸ο
3190 742 3203 777 :
3248 722 3379 787 Quis
3422 722 3543 792 fecit
3576 737 3694 775 mtt-

2118 835 2230 879 tum
2251 834 2301 878 et
2328 826 2569 888 surdum,
2600 822 2856 876 videntem
2882 827 2931 871 et
2969 832 3163 870 caecum
3189 817 3214 869 ?
3258 813 3445 869 Nonne
3471 830 3564 883 ego
3590 812 3698 866 Do-
3756 866 3760 870 .

2115 917 2289 971 atinas
2329 914 2512 971 Deus?
2542 912 2640 968 Est
2662 909 2856 965 oculus
2908 906 3177 983 corporis,
3209 920 3321 976 quo
3348 914 3559 959 terrena
3589 902 3691 957 ista

2114 1005 2508 1075 conspicimus,
2544 1002 2736 1058 oculus
2787 998 3089 1055 secundum
3141 1010 3361 1050 sensum
3391 993 3595 1058 carnis,
3627 994 3695 1048 de

2116 1115 2225 1169 quo
2278 1098 2559 1169 Scriptura
2603 1096 2736 1151 dicit
2790 1096 2878 1150 “z
2935 1092 3164 1148 Frustra
3217 1087 3423 1183 incedis.
3473 1086 3694 1154 inﬂatus

2115 1204 2270 1244 sensu
2296 1187 2494 1241 carnis.
2547 1185 2648 1239 Cui
2684 1184 2949 1239 habemus
2978 1179 3146 1234 alium
3188 1179 3521 1230 contrarium
3578 1184 3694 1224 me-

2114 1283 2305 1338 liorem
2336 1291 2389 1336 et
2433 1280 2621 1334 divina
2650 1278 2952 1347 sapientem
2982 1273 3114 1344 :qui
3141 1269 3269 1341 quia
3313 1280 3489 1323 crecus
3515 1263 3570 1319 in
3602 1278 3697 1318 no-
3764 1281 3773 1285 ·

2113 1372 2199 1428 bis
2229 1380 2367 1436 crat,
2403 1372 2553 1425 venit
2584 1367 2745 1423 Iesus
2777 1374 2835 1420 ut
2857 1364 3062 1420 faceret
3112 1374 3238 1415 eum
3274 1357 3475 1421 videre,
3511 1364 3569 1408 ut
3598 1352 3692 1423 qui

2115 1480 2221 1517 non
2258 1462 2532 1526 videbant,
2567 1459 2830 1521 viderent,
2884 1455 2977 1525 qui
3026 1462 3206 1509 autem
3256 1448 3535 1513 videbant,
3563 1445 3692 1501 (τευεί

2115 1554 2323 1608 tierent.
2357 1550 2521 1607 Juxta
2546 1551 2693 1605 hunc
2718 1562 2850 1618 ergo
2889 1559 3136 1611 sensum,
3171 1550 3225 1597 ct
3247 1542 3351 1596 hoc
3375 1537 3523 1610 quod
3547 1551 3692 1590 tntnc

2116 1644 2380 1699 habemus
2409 1643 2462 1696 in
2511 1641 2766 1695 manibus
2795 1645 2879 1694 est
2909 1632 3319 1704 intelligendum
3349 1650 3363 1686 :
3406 1628 3541 1685 Ecce
3592 1628 3691 1683 iste

2111 1735 2316 1804 positus
2342 1744 2419 1787 est
2448 1734 2502 1787 in
2534 1732 2766 1794 ruinam,
2796 1738 2847 1784 et
2870 1729 2924 1782 in
2952 1724 3381 1781 resurrectionem
3405 1719 3691 1774 multorum

2041 1814 2079 1866 Β
2110 1827 2164 1879 in
2196 1823 2389 1881 Israel.
2424 1821 2612 1878 Habeo
2647 1819 2851 1890 aliquid
2883 1819 2937 1873 in
2970 1833 3057 1873 me
3091 1814 3242 1887 quod
3299 1813 3441 1868 male
3483 1819 3611 1876 stat,
3637 1821 3692 1864 ct

2109 1916 2313 1986 peccati
2339 1914 2595 1986 superbia
2628 1928 2689 1969 se
2721 1912 2919 1983 erigit:
2980 1910 3085 1964 hoc
3113 1907 3293 1992 cadat,
3324 1906 3430 1962 hoc
3452 1904 3686 1960 subrua-

2108 2016 2215 2063 tur.
2248 2006 2404 2073 Quod
2453 2006 2499 2063 si
2548 2005 2824 2070 ceciderit,
2882 2001 3029 2073 quod
3065 2007 3191 2055 ante
3220 2006 3428 2063 ruerat,
3456 2010 3689 2067 surgens

2108 2099 2293 2156 stabit.
2318 2099 2551 2153 Interior
2580 2099 2742 2152 homo
2772 2110 2928 2150 meus
2947 2093 3227 2164 quondam
3255 2089 3474 2161 iacebat
3494 2087 3684 2149 elisus,

2104 2200 2158 2248 et
2188 2192 2427 2248 exterior
2457 2191 2638 2246 stabat
2678 2198 2918 2245 erectus.
2964 2187 3270 2255 Antequam
3319 2180 3684 2266 crederemin

2106 2280 2316 2348 Iesum,
2376 2283 2583 2336 bonum
2639 2280 2693 2334 in
2768 2294 2857 2334 me
2908 2277 3157 2348 iacebat,
3216 2274 3419 2330 malum
3486 2271 3683 2327 stabat.

2107 2371 2403 2444 Postquam
2441 2372 2530 2426 ille
2553 2370 2719 2437 venit,
2749 2378 2879 2424 tunc
2925 2368 3072 2439 quod
3131 2367 3184 2421 iu
3219 2380 3309 2422 tne
3329 2365 3535 2420 malum
3563 2362 3684 2425 fuit,

2105 2466 2333 2532 corruit,
2365 2473 2420 2518 et
2450 2463 2722 2535 expletum
2747 2470 2830 2518 est
2851 2460 2984 2518 illud
3019 2460 3063 2490 δ’
3089 2479 3105 2514 :
3148 2456 3365 2527 Semper
3394 2454 3689 2523 mortiﬁca-

2108 2558 2306 2611 tionem
2329 2555 2458 2611 Jcsu
2484 2556 2538 2608 in
2571 2570 2788 2624 corpore
2809 2552 3259 2622 circumferentes.
3296 2550 3359 2603 Et
3411 2548 3543 2602 illud
3588 2545 3634 2577 ”
3668 2563 3682 2599 :

2105 2649 2428 2719 Mortiﬁcate
2464 2646 2694 2702 membra
2729 2656 2904 2702 vestra
2930 2660 3089 2714 super
3123 2651 3342 2702 terram,
3371 2639 3685 2709 fornicatio-

2103 2759 2240 2808 nem,
2267 2737 2990 2804 immunditiam,luxuriam,
3008 2733 3396 2797 idololatriam,
3412 2730 3684 2801 veneﬁcia,

2102 2845 2157 2891 ct
2194 2843 2410 2891 caetera.
2467 2831 2674 2888 llorum
2723 2831 2969 2886 omnium
3008 2828 3159 2885 utilis
3210 2827 3372 2881 ruina
3402 2822 3546 2880 [acta
3574 2830 3681 2879 est.

2101 2925 2171 2981 Et
2196 2926 2263 2981 de
2291 2926 2396 2981 hac
2439 2924 2598 2980 ruina
2645 2922 2847 2978 dicitur
2878 2943 2891 2979 :
2959 2919 3263 2990 Ubicunque
3294 2917 3395 2972 erit
3434 2915 3679 2979 cadaver,

2101 3016 2214 3070 illic
2242 3014 2702 3086 congregabantur
2725 3012 2921 3083 aquin
2956 3013 3021 3065 “.
3065 3010 3311 3066 Cadaver
3340 3007 3449 3079 (44)
3480 3007 3682 3077 quippe

415 3127 506 3173 tus
529 3117 583 3172 in
625 3134 713 3174 tne
743 3121 907 3176 homo
937 3132 1041 3186 est,
1069 3136 1121 3180 et
1152 3128 1274 3182 vivo
1310 3100 1504 3185 adlqu
1510 3134 1666 3201 quasi
1696 3133 1882 3197 homo,
1908 3100 1999 3188 cu-
2027 3152 2070 3210 ο
2102 3123 2133 3162 ³
2160 3123 2295 3163 cas“
2330 3106 2787 3210 "amsan‘accepil'
2815 3104 2934 3159 una
2968 3113 3053 3158 εει
3087 3102 3202 3210 lianc
3230 3116 3411 3167 ruma’
3430 3100 3678 3210 ad:le

414 3208 505 3276 pio
534 3217 593 3263 ut
625 3212 838 3267 occidat
864 3213 1024 3285 951
1054 3216 1107 3272 in
1132 3233 1219 3273 me
1253 3217 1398 3275 Deus
1421 3232 1658 3278 veterem
1690 3223 1991 3292 hominem,

411 3307 467 3353 ot
498 3298 729 3357 virilicet
751 3317 838 3357 me
869 3320 937 3359 ex
963 3308 1215 3363 mortuis.
1253 3307 1470 3365 Primus
1522 3315 1683 3380 enim,
1712 3317 1807 3381 ait,
1839 3316 1993 3371 homo

411 3388 476 3443 de
508 3399 651 3446 terra
678 3400 938 3459 terrenus,
976 3400 1237 3453 secundus
1287 3401 1441 3455 homo
1469 3402 1534 3455 de
1586 3405 1715 3458 caelo
1744 3407 1990 3464 caelestis.

414 3477 573 3534 Sicut
630 3484 959 3551 portavimus
1018 3488 1303 3558 imaginem
1364 3492 1581 3558 terreni,
1639 3504 1905 3564 portemus
1942 3509 1991 3552 et

411 3568 701 3638 imaginem
727 3573 946 3628 ctelestis
979 3575 1044 3630 ³⁷.
1077 3577 1388 3635 Secundum
1416 3583 1564 3638 hunc
1596 3598 1816 3640 sensum
1844 3588 1994 3642 intel-

409 3658 599 3730 ligitur
624 3671 680 3717 et
722 3663 898 3722 illud:
952 3664 1017 3719 In
1031 3668 1300 3737 judicium
1339 3689 1432 3742 ego
1468 3676 1584 3728 veni
1644 3677 1698 3729 in
1735 3679 1987 3732 mundum

410 3749 595 3818 istum,
620 3762 678 3806 ut
703 3754 796 3824 qui
821 3770 924 3809 non
946 3757 1142 3823 vident,
1174 3760 1383 3816 videant
1407 3777 1426 3817 :
1450 3771 1498 3817 et
1523 3763 1614 3834 qui
1637 3763 1831 3828 uident,
1865 3767 1989 3819 εατί

414 3840 571 3910 (iant.
603 3842 878 3901 Habemus
923 3846 982 3902 in
1027 3849 1186 3906 nobis
1229 3866 1417 3908 clunes
1449 3853 1719 3923 homines,
1753 3865 1808 3911 et
1832 3872 1987 3926 aspc—

409 3940 561 3987 ctum
589 3942 646 3989 et
678 3935 1004 3993 caecitatem.
1043 3940 1211 3996 Adam
1239 3951 1295 3998 et
1336 3944 1572 4014 videbat,
1620 3958 1673 4002 et
1706 3962 1813 4002 non
1841 3948 1991 4003 vide-

409 4023 522 4080 bat.
575 4024 688 4082 Eva
717 4043 956 4100 queque,
984 4041 1276 4104 antequam
1299 4037 1642 4107 aperirentur
1662 4039 1807 4094 oculi
1845 4041 1986 4111 ejus,

411 4114 616 4173 vidisse
649 4118 998 4178 describitur.
1039 4122 1204 4191 Vidit,
1247 4126 1425 4200 inquit
1454 4127 1523 4193 ",
1551 4129 1740 4183 mulier
1764 4130 1985 4201 lignum,

406 4207 536 4277 quia
562 4209 754 4264 bonum
782 4216 851 4266 ad
879 4215 1274 4282 comedendum,
1327 4226 1377 4272 et
1427 4219 1687 4288 optimum
1718 4221 1889 4275 oculis
1919 4222 1989 4275 ad

407 4300 713 4369 uidendum,
749 4313 798 4358 et
833 4305 1022 4361 tollens
1055 4307 1120 4361 de
1159 4308 1339 4377 fructu
1367 4309 1521 4381 ligni,
1552 4310 1798 4377 comedit,
1825 4324 1879 4366 et
1897 4313 1988 4367 de-

407 4391 487 4445 dit
513 4394 622 4448 uiro
661 4411 777 4461 suo,
826 4407 877 4450 et
908 4398 1262 4456 comederunt.
1301 4399 1470 4472 Igitur
1512 4418 1621 4457 non
1655 4413 1813 4479 erant
1833 4405 1984 4470 caeci,

2101 3199 2339 3268 primum
2365 3199 2510 3252 venit
2537 3195 2736 3253 lesus:
2767 3212 2864 3251 nec
2897 3205 3076 3266 potest
3109 3195 3287 3249 facere
3326 3191 3682 3248 resurrectio-

2097 3305 2243 3356 nem,
2274 3288 2381 3345 nisi
2415 3289 2574 3343 ruina
2621 3288 2982 3358 praecesserit.
3034 3285 3195 3343 Venit
3237 3295 3365 3341 ante
3397 3285 3680 3340 destruere

2094 3385 2241 3455 quod
2269 3384 2325 3438 in
2353 3398 2441 3438 me
2471 3383 2678 3438 malum
2713 3382 2836 3446 fuit,
2867 3389 2946 3448 ut,
2980 3381 3072 3435 illo
3107 3382 3387 3436 destructo
3417 3389 3472 3435 et
3495 3382 3682 3435 morti-

2095 3474 2282 3535 ﬁcata,
2308 3484 2605 3542 consurgat
2646 3472 2700 3524 in
2734 3488 2821 3526 me
2872 3481 2927 3528 et
2967 3472 3271 3527 viviﬁcetur
3304 3472 3356 3527 id
3390 3472 3533 3542 quod
3582 3472 3681 3527 bo-

2096 3579 2227 3618 num
2263 3574 2369 3630 est,
2425 3572 2485 3618 ut
2526 3578 2932 3631 consequamur
2986 3579 3212 3630 regnum
3270 3565 3535 3619 oculorum
3585 3581 3681 3635 per

2094 3655 2390 3709 Dominum
2418 3664 2667 3711 nostrum
2697 3652 2886 3710 Iesum
2941 3655 3244 3722 Christum,
3275 3658 3362 3711 cui
3395 3667 3478 3712 est
3507 3658 3677 3728 gloria

2090 3754 2144 3799 et
2168 3744 2456 3815 imperium
2485 3745 2541 3800 in
2566 3744 2766 3802 sarcula
2798 3746 3146 3805 saeculorum.
3176 3748 3369 3803 Amen.

2658 3876 2942 3934 IIOMILIA
2974 3880 3137 3938 XVII.

2092 3993 2167 4048 De
2190 4010 2249 4048 eo
2278 3995 2418 4069 quod
2444 3995 2701 4063 scriptum
2730 4004 2806 4048 est
2826 4010 2903 4069 ς’(
2938 3996 3108 4051 Erant
3140 4010 3292 4069 pater
3324 4001 3437 4069 ejus
3476 4011 3526 4055 et
3556 4020 3673 4058 ma-

2160 4075 2238 4117 ter
2260 4062 2585 4118 admirantes
2613 4079 2771 4141 super
2816 4062 2897 4120 his
2951 4084 3070 4141 qua:
3115 4062 3430 4123 dicebanlur
3458 4072 3523 4126 de
3548 4090 3628 4137 eo,
3647 4095 3665 4126 ι

2158 4142 2210 4256 (ἐξ
2240 4150 2453 4258 rursggt
2481 4149 2643 4204 usque
2671 4134 2740 4186 ad
2776 4150 2896 4189 eum
2941 4134 3115 4192 locum
3149 4141 3237 4193 ubi
3274 4141 3339 4194 de
3361 4142 3516 4195 Anna
3538 4134 3673 4199 scri-

2216 4215 2321 4258 tur.
2430 4219 2483 4258 ι).
2518 4221 2578 4258 ιι.

2216 4215 2321 4258 tur.
2351 4215 2483 4274 (λιιι).
2518 4221 2579 4263 ιι.

2160 4316 2336 4373 Lucas
2356 4318 2451 4388 qui
2478 4320 2741 4390 scripsit:
2785 4324 3019 4395 Spiritus
3058 4312 3277 4380 sanctus
3318 4329 3483 4381 veniet
3512 4344 3668 4399 super

2091 4418 2158 4475 te,
2185 4420 2233 4463 et
2267 4410 2432 4465 virtus
2465 4412 2730 4469 Allissimi
2782 4416 3116 4471 obumbrabit
3167 4418 3284 4485 tibi,
3317 4432 3532 4490 propter
3571 4424 3669 4476 hac

406 4484 503 4538 sed
531 4486 804 4541 videbant.
840 4487 1043 4544 Deinde
1065 4492 1310 4561 sequitur
1349 4511 1364 4548 :
1400 4492 1468 4547 Et
1498 4496 1668 4564 aperti
1695 4506 1816 4549 sunt
1846 4497 1986 4550 oculi
2017 4492 2061 4547 D
2088 4511 2135 4554 et
2159 4500 2297 4571 quod
2326 4512 2511 4557 natum
2544 4505 2709 4575 fuerit
2732 4518 3000 4575 sanctum,
3030 4484 3304 4564 vocabitur
3317 4484 3375 4564 'F
3379 4484 3504 4566 ilius
3527 4513 3619 4568 Dei
3646 4530 3666 4569 :

402 4588 589 4628 eorum
615 4576 681 4631 ³⁸.
712 4575 856 4649 Ergo
889 4581 1019 4636 caeci
1049 4580 1281 4649 fuerant,
1316 4599 1416 4639 nec
1452 4586 1725 4653 videbant,
1748 4603 1981 4657 quorum

405 4665 553 4721 oculi
585 4675 776 4738 postea
805 4679 935 4728 sunt
976 4674 1171 4743 aperti.
1209 4672 1314 4730 Sed
1363 4677 1457 4747 qui
1508 4676 1646 4733 bene
1675 4688 1803 4735 ante
1826 4679 1978 4737 vide.

549 4804 710 4887 loan.
735 4807 928 4887 tx,_§9.
966 4808 1096 4887 ιβ’]
1124 4809 1254 4887 _Cor.
1273 4828 1364 4877 xv,
1390 4812 1482 4887 47,
1506 4813 1652 4887 49η-
1672 4816 1717 4849 ³⁸
1738 4817 1874 4873 Gen.
1923 4835 1998 4887 tu,

2164 4820 2208 4853 ”
2242 4820 2373 4875 ibid.
2417 4820 2469 4873 7.

2088 4600 2144 4647 et
2170 4592 2265 4662 qui
2298 4592 2590 4650 manifeste
2620 4598 2783 4654 nobis
2835 4598 3078 4666 tradidit,
3126 4602 3385 4671 quoniam
3434 4603 3667 4677 Virginis

2089 4683 2233 4739 ﬁlius
2257 4681 2416 4740 Jesus
2447 4695 2552 4753 est,
2584 4703 2684 4744 nec
2724 4690 2792 4745 de
2845 4691 3086 4747 humano
3121 4703 3420 4766 conceptus
3452 4707 3534 4754 est
3577 4716 3638 4755 se

2575 4822 2620 4855 ⁸⁰
2651 4822 2823 4879 Exod.
2858 4841 2929 4891 tv,
2964 4827 3048 4881 ll.
3155 4830 3196 4861 “
3220 4828 3432 4887 Coloss.
3474 4850 3533 4900 tt,
3575 4834 3665 4892 l8.

404 4872 455 4907 “
478 4875 524 4931 II
548 4876 676 4932 Cor.
703 4890 780 4943 tv,
801 4872 893 4933 10.
963 4878 1012 4910 ⁸³
1041 4879 1253 4937 Coloss.
1279 4872 1362 4951 ut,
1396 4872 1481 4938 5f
1526 4884 1574 4917 “
1602 4872 2091 4957 Mattli.xx1v,'2'3'.

477 5012 592 5085 (45)
628 5014 833 5093 Damus
865 5013 1249 5093 hanc_0r_ige_ni
1289 5018 1529 5087 laudem,
1559 5022 1704 5093 quod
1736 5024 1981 5079 interne-

403 5082 593 5138 civum
618 5100 743 5161 cum
785 5086 1057 5161 haereticis
1095 5082 1295 5161 bellum
1327 5082 1591 5160 perpetud
1609 5095 1857 5161 gesserit,
1885 5111 1980 5149 ea-

405 5169 539 5232 quq
535 5155 797 5232 continuo
821 5155 990 5209 teneri
1030 5155 1361 5232 ﬁrmiter‘ac
1399 5155 1546 5216 credi
1580 5155 1982 5232 jusserit.'qure

406 5218 475 5304 ab
498 5218 748 5304 Ecclesia
770 5218 1652 5304 proponerentur._Pamphilus'in
1679 5218 1936 5304 Apologia
1959 5218 1976 5290 ξ

405 5290 703 5372 Quomodo,
736 5290 937 5372 inquit,
960 5296 1202 5350 universa
1224 5290 1875 5372 hareticorumdogmatd'
1891 5306 1981 5358 de-

402 5371 635 5444 structis,
661 5365 771 5444 ipse
807 5363 1111 5444 (Grigenes)
1161 5384 1363 5438 semper
1406 5363 1976 5444 apostolicdmconﬁr-

402 5432 621 5488 moverit
652 5432 834 5511 ﬁdem,
856 5436 904 5488 si
930 5432 1144 5511 velimus
1194 5432 1369 5493 omnes
1399 5432 1683 5495 sententias
1710 5442 1824 5511 ejus
1854 5432 1979 5498 clan-

401 5515 641 5585 gregare,
664 5514 714 5559 et
754 5504 1137 5573 longum‘satis
1163 5517 1276 5585 est_,
1307 5517 1357 5562 et
1401 5512 1503 5585 erit
1553 5504 1853 5585 tamqnobis,
1887 5516 1977 5585 qui

401 5572 705 5649 scribimus,
736 5572 1033 5649 onerosum,
1056 5592 1213 5646 quant
1235 5578 1519 5649 legentibus
1551 5572 1846 5637 ttediosum.‘

476 5641 592 5722 (μ)
622 5641 752 5722 limo
775 5641 1359 5722 minim_e_neccsse_ést
1383 5666 1413 5702 a
1460 5649 1653 5704 Latino
1685 5652 1976 5722 interprete

405 5712 843 5790 verba’suppleta
889 5715 1192 5790 arbitrari:
1242 5719 1482 5790 Cadauer
1534 5722 1721 5790 quippe
1765 5739 1797 5773 a
1828 5712 1974 5777 ἐαδιι

404 5795 591 5837 nomen
636 5785 855 5856 accepit.
889 5782 1005 5841 Non
1035 5787 1179 5842 enim
1202 5788 1368 5845 setuel
1391 5782 1728 5852 Origc'ues'iu
1764 5791 1862 5846 hac
1890 5794 1970 5847 lu-

2077 5027 2525 5115 etymolpgia,
2556 5044 2612 5115 ut
2744 5034 3083 5115 Epiphanius
3105 5049 3348 5115 testatur
3378 5043 3548 5115 Epist.
3582 5050 3650 5104 ad

2078 5096 2344 5184 Joannem
2371 5096 2891 5184 Jérosolytnitatium
2923 5107 3064 5184 inter
3103 5096 3564 5184 lliero‘nymibna's

2079 5168 2192 5255 ns.
2221 5168 2682 5255 sntiorpushoc'ott
2708 5176 2764 5255 id
2779 5175 2938 5255 juagta
2975 5177 3203 5255 (ἐνίεσανΔ
3227 5168 3418 5253 δὲμίας.
3452 5168 3658 5255 viiii,

2076 5237 2378 5326 vinculum,
2394 5311 2407 5326 .
2428 5243 2536 5296 sive
2592 5244 2756 5326 j‘uarta
2779 5237 3000 5326 'aliam_
3021 5237 3659 5326 ριόρηὶειαὶειιῖπὲῶειξέξ

2076 5308 2134 5389 id
2163 5316 2273 5389 .est,
2309 5311 2561 5389 cadaver,
2593 5308 2723 5379 dici,
2737 5308 3212 5389 quiaranimw'de
3261 5323 3388 5376 ctelo
3429 5308 3658 5384 ruerint:

2076 5376 2367 5460 Enimvero
2396 5376 2897 5460 meracam-Graeci
2937 5405 3135 5460 corpus
3172 5393 3419 5448 exanime
3452 5376 3469 5446 :7
3500 5376 3652 5449 ἇέὲὧῖ

2076 5463 2171 5533 ita:
2202 5447 2555 5533 Adamantius
2581 5457 2724 5533 hanc
2752 5447 3091 5533 commodam
3120 5471 3313 5533 nactus
3343 5447 3455 5518 suae
3485 5447 3651 5533 expo-

2073 5520 2256 5603 sitioni
2310 5526 2715 5603 etymologiam,
2768 5542 2928 5603 quam
2978 5529 3110 5603 alias
3163 5532 3230 5603 ad
3278 5520 3648 5603 Opination'cm

2074 5600 2225 5669 sua_m
2272 5596 2622 5675 assqreu_dun1
2672 5597 2992 5675 torquebat,
3041 5600 3130 5655 hic
3172 5601 3287 5669 ipse
3314 5596 3644 5675 "scripserit:

2074 5662 2275 5745 πτῷμα
2304 5662 2432 5730 γοῦν
2473 5664 2579 5717 ἀπὸ
2611 5662 2869 5745 πιςὼσέως
2901 5666 3149 5740 λέγεται,
3192 5662 3418 5728 cadaver
3443 5662 3647 5745 'quipp:

2075 5745 2107 5781 a
2134 5744 2255 5784 casu
2286 5748 2467 5787 nomen
2502 5737 2720 5806 accepit.
