4084 6302
379 361 520 421 ltili

1539 355 1608 412 ΙΝ
1647 356 1881 415 LUCAM
1917 352 2201 411 liOM’ilJA
2235 350 2405 408 Xi'll.

3494 351 3626 405 1846

376 473 495 540 ejus
522 470 749 540 quaestio
790 471 1117 534 concitetur,
1143 475 1200 525 et
1234 469 1292 527 tit
1339 472 1554 544 signum
1585 474 1675 531 cui
1727 484 1948 531 contra-
1979 480 2022 537 Δ
2052 480 2302 535 mortuus
2343 478 2465 528 est:
2516 434 2939 538 quandiueaim
2986 464 3324 524 abscondita:
3352 473 3510 521 erant
3536 482 3627 521 co-

376 563 599 618 dicitttr.
636 561 749 633 Ego
789 571 844 620 et
878 563 986 622 hoc
1025 561 1173 631 quod
1219 564 1605 634 prophetarum
1639 581 1734 621 ore
1758 567 1954 636 praedi—

375 666 522 712 ctum
552 663 655 721 est,
687 663 818 725 puto
856 655 1072 724 signum
1105 669 1231 713 esse
1255 656 1345 712 cui
1370 656 1786 715 contradicitur.
1816 656 1956 713 Sunt

375 748 522 805 ett'm
554 746 736 816 plures
768 745 1030 813 haeretici,
1061 746 1155 816 qui
1181 756 1438 809 asserunt
1465 764 1592 806 eum
1624 763 1655 804 s
1678 750 1955 820 prophetis

379 840 596 910 penitus
630 852 741 897 non
775 835 947 898 luisse
977 837 1426 908 pradicatumlt
1454 839 1584 910 quid
1618 854 1706 896 me
1737 854 1956 896 necesse

375 938 461 985 est
489 928 661 985 multa
690 927 1193 999 prosequiYOmnia
1223 945 1346 1000 qua:
1373 930 1440 987 de
1459 946 1524 986 eo
1547 942 1767 991 enarrat
1785 932 1956 987 histo-

378 1020 482 1086 tla,
512 1019 728 1090 signum
762 1027 847 1077 est
885 1019 972 1075 cui
1014 1020 1431 1078 contradicitur.
1487 1021 1605 1077 Non
1645 1023 1789 1093 quod
1820 1037 1953 1079 con-

378 1109 717 1169 tradicanthi
740 1110 836 1181 qui
865 1110 1099 1169 credunt
1129 1111 1184 1167 in
1222 1127 1348 1170 eum
1374 1132 1387 1168 :
1421 1128 1525 1169 nos
1545 1115 1745 1185 quippe
1771 1114 1954 1170 omnia

377 1200 588 1255 scimus
616 1214 741 1255 vera
785 1213 909 1257 esse
951 1204 1076 1269 quae
1109 1200 1309 1270 scripta
1335 1210 1462 1259 sunt
1485 1220 1500 1259 :
1521 1203 1613 1259 sed
1645 1203 1773 1273 quia
1812 1202 1954 1273 apud

376 1287 690 1346 incredulos
711 1289 984 1350 universa.
1014 1305 1137 1361 qua:
1155 1291 1223 1351 de
1247 1305 1312 1347 eo
1339 1292 1541 1361 scripta
1572 1302 1720 1357 sunt,
1739 1293 1954 1359 signum

377 1384 452 1436 sit
487 1379 575 1437 cui
614 1377 1030 1439 contradicitur.
1073 1378 1279 1439 Deinde
1309 1377 1529 1437 Simeon
1558 1381 1672 1439 ait:
1706 1379 1776 1438 Et
1808 1392 1957 1437 tuam

376 1470 546 1539 ipsius
591 1474 826 1529 animum
868 1472 1211 1542 pertransibit
1254 1470 1485 1543 gladius.
1546 1471 1681 1538 Quis
1728 1480 1810 1529 est
1855 1473 1957 1529 iste

377 1561 615 1633 gladius,
647 1562 741 1632 qui
769 1577 879 1621 non
915 1563 1148 1630 aliorum
1182 1571 1414 1631 tantum,
1453 1565 1549 1620 sed
1588 1566 1751 1622 etiam
1777 1564 1958 1623 Mariae

377 1668 474 1713 cor
500 1652 832 1724 pertransit?
865 1654 1065 1723 Aperte
1109 1654 1390 1721 scribitur,
1424 1657 1569 1726 qttod
1622 1657 1676 1715 in
1713 1667 1957 1727 tempore

378 1743 653 1813 passionis
702 1759 895 1805 omnes
942 1744 1054 1807 sint
1097 1745 1325 1814 apostoli
1383 1746 1775 1811 scandalizati,
1838 1748 1957 1817 ipso

2053 561 2364 633 gitationes,
2398 572 2497 617 nec
2524 556 2745 627 prolata:
2780 556 2832 615 in
2864 555 3125 623 medium,
3158 555 3491 623 impossibile
3512 563 3630 610 erat

2053 668 2148 711 cas
2170 650 2385 722 penitus
2409 647 2655 705 interﬁci.
2700 644 2857 704 Unde
2888 655 2940 703 et
2974 660 3096 709 nos,
3123 646 3166 702 si
3198 646 3627 715 peccaverimus,

2053 742 2317 803 debemus
2343 740 2524 795 dicere
2562 756 2576 795 :
2622 737 2911 799 Peccatum
2950 752 3120 794 mum
3163 748 3345 794 natum
3380 735 3480 804 feci
3507 736 3626 803 tibi,

2054 842 2104 891 et
2134 832 2472 902 iniquitatem
2499 844 2669 889 meant
2694 844 2797 888 non
2818 826 2982 901 953
3016 826 3287 887 abscondi.
3316 826 3443 886 nisi
3466 841 3484 878 :
3520 828 3625 883 An-

2055 922 2315 985 tmntiabo
2342 921 2667 991 injustitiam
2698 936 2869 979 meatu
2895 930 3081 978 contra
3104 935 3186 973 nte
3209 917 3440 975 Domina
3465 918 3531 971 ἰ.
3569 916 3629 973 8i

2055 1015 2201 1077 enim
2234 1015 2338 1075 hoc
2381 1012 2694 1080 fecerimus,
2724 1022 2778 1069 et
2813 1011 3232 1069 revelarerimus
3270 1019 3491 1080 peccata
3537 1025 3632 1067 no-

2057 1118 2169 1171 stre
2203 1122 2312 1169 non
2346 1106 2524 1167 solum
2554 1105 2684 1171 Deo,
2715 1106 2808 1162 sed
2837 1114 2891 1160 ct
2919 1105 3007 1160 his
3035 1104 3127 1173 qui
3157 1111 3388 1173 possunt
3424 1103 3627 1162 mederi

2057 1200 2375 1260 vulneribus
2407 1199 2612 1259 nostris
2649 1208 2813 1267 atque
2843 1198 3106 1266 peccatis,
3138 1196 3466 1254 delabuntur
3505 1187 3631 1265 pec-

2056 1300 2176 1355 cata
2202 1301 2386 1353 nostra
2407 1291 2477 1350 ab
2504 1305 2591 1353 eo,
2612 1289 2703 1359 qui
2732 1289 2807 1347 ait
2835 1304 2847 1343 :
2878 1287 3009 1345 Ecre
3038 1286 3216 1345 delebo
3238 1297 3295 1342 ut
3312 1286 3498 1343 nubent
3528 1288 3631 1341 ini-

2055 1383 2282 1453 quitates
2312 1393 2453 1449 luas,
2481 1392 2533 1437 et
2561 1382 2696 1437 sirut
2728 1379 3009 1449 caliginem
3048 1387 3263 1447 peccata
3287 1390 3378 1439 tua
3405 1379 3472 1431 δ’,
3502 1377 3632 1437 Post

2060 1473 2333 1536 Simeonis
2361 1472 2725 1543 prophetiam,
2751 1470 2880 1540 quia
2910 1484 3130 1530 necesse
3151 1479 3267 1529 erat
3294 1479 3352 1527 ut.
3377 1469 3632 1531 mulieres

2056 1565 2221 1629 etiam
2266 1564 2629 1629 salvarentur,
2665 1562 2816 1619 venit
2852 1559 3142 1630 prophetes
3178 1560 3396 1625 mulier,
3428 1559 3496 1615 de
3523 1577 3628 1630 qua

2059 1655 2317 1717 scribitur
2361 1671 2374 1707 :
2420 1653 2488 1718 Et
2533 1665 2647 1713 erat
2678 1652 2831 1713 Anna
2858 1650 3210 1721 prophetissa.
3244 1652 3363 1719 ﬁlia
3394 1651 3630 1709 Phanuel

2059 1747 2125 1801 de
2161 1746 2302 1801 tribu
2328 1747 2480 1809 Aser.
2513 1743 2688 1811 Quam
2715 1745 2940 1814 pulcher
2968 1743 3132 1803 ordo!
3170 1740 3288 1805 Non
3321 1743 3467 1797 venit
3508 1752 3633 1799 ante

376 1848 597 1903 quoque
631 1832 863 1891 Domino
897 1835 1110 1897 dicente
1137 1833 1184 1872 δ’
1221 1853 1235 1892 :
1265 1835 1456 1895 Omnes
1496 1852 1582 1895 vos
1616 1836 1951 1895 sermdaliza.
1987 1832 2027 1886 Β
2056 1836 2232 1897 virum
2266 1835 2484 1903 mulier,
2531 1834 2625 1891 sed
2663 1833 2898 1902 primum
2932 1832 3082 1891 venit
3131 1829 3377 1897 Simeon,
3408 1833 3502 1901 qui
3538 1830 3650 1901 apo'

377 1924 563 1979 bimini
589 1925 645 1978 in
666 1933 815 1981 nocte
838 1923 956 1978 lure.
982 1922 1124 1994 Ergo
1146 1925 1498 1985 scantlalizati
1533 1936 1660 1982 sunt
1686 1926 1950 1993 universi,

376 2010 433 2068 in
466 2022 677 2071 tantum
707 2021 770 2069 ut
806 2011 1002 2070 Petrus
1027 2029 1249 2084 quoque
1293 2016 1664 2085 apostolorum
1700 2016 1953 2087 princeps

376 2104 538 2159 tertio
565 2103 867 2176 dcnegarit.
898 2104 1084 2171 Quid?
1111 2114 1370 2175 putamus
1398 2106 1565 2176 quod,
1613 2107 1953 2167 scandaliza-

375 2194 449 2253 tis
481 2193 767 2266 apostolis,
808 2192 918 2265 (47)
950 2192 1121 2255 Mater
1153 2195 1371 2252 Domini
1422 2211 1454 2251 a
1481 2197 1740 2258 seandalo
1787 2196 1954 2253 fuerit

378 2284 685 2339 immunis?
726 2283 786 2344 Si
815 2284 1136 2347 scandalum
1190 2287 1245 2343 in
1276 2284 1494 2347 Domini
1541 2289 1797 2359 passione
1841 2305 1951 2350 non

375 2390 536 2444 passa
563 2384 665 2441 est,
691 2388 801 2432 non
832 2383 917 2433 est
946 2385 1196 2436 mortuus
1221 2375 1382 2436 Jesus
1416 2370 1519 2451 pro
1546 2381 1785 2453 peccatis
1810 2382 1952 2453 ejus.

376 2462 434 2521 Si
471 2474 652 2523 autem
688 2481 880 2526 omnes
919 2477 1305 2539 peccaverunt,
1337 2478 1391 2529 et
1427 2481 1591 2540 egent
1631 2473 1803 2544 gloria
1832 2473 1949 2540 Dei,

369 2555 654 2625 justilicati
686 2556 857 2630 gratia
893 2557 1013 2628 ejus
1043 2571 1098 2619 et
1133 2559 1419 2629 redempti,
1461 2561 1650 2633 utique
1696 2572 1753 2618 et
1784 2563 1953 2623 Maria

375 2647 471 2704 illo
498 2655 742 2720 tempore
770 2647 1141 2706 scandalizata
1172 2658 1276 2707 est.
1300 2648 1367 2707 Et
1395 2652 1500 2706 hoc
1522 2661 1608 2711 est
1628 2653 1773 2722 quod
1806 2670 1954 2713 nunc

376 2737 598 2796 Simecn
630 2741 936 2811 prophetat,
963 2741 1151 2802 dicens
1177 2760 1190 2797 :
1220 2741 1289 2797 Et
1313 2752 1461 2799 luant
1485 2745 1654 2814 ipsius
1683 2746 1952 2813 animum;

374 2846 500 2900 quae
538 2831 646 2886 scis
689 2832 896 2905 absque
933 2833 1050 2893 viro
1097 2834 1371 2904 peperisse
1421 2844 1473 2890 te
1503 2832 1798 2904 Virginem,
1832 2852 1956 2906 quae

374 2922 577 2979 audisti
610 2938 640 2978 a
671 2922 920 2980 Gabriele
944 2942 958 2977 :
983 2921 1217 2994 Spiritus
1246 2935 1462 2981 sanctus
1491 2928 1655 2987 veniet
1688 2943 1849 2998 super
1878 2936 1949 2994 te,

373 3022 426 3070 et
454 3014 616 3068 virtus
639 3014 903 3071 Altissimi
938 3016 1274 3073 obuntbrabit
1310 3018 1432 3088 tibi,
1454 3019 1803 3089 perlransibit
1829 3020 1951 3083 inli-

371 3104 612 3160 delitatis
655 3105 892 3177 gladius,
919 3115 976 3161 et
1002 3107 1377 3179 ambiguitatis
1419 3124 1680 3171 mucrone
1713 3108 1947 3176 ferioris,

370 3203 427 3250 et
455 3171 813 3271 cogitationes
858 3171 964 3257 tua:
996 3208 1048 3255 te
1092 3171 1404 3260 tnvdiversa
1442 3199 1781 3263 lacerabunt.
1817 3171 1943 3265 cum
1975 3171 2019 3235 θ

372 3286 573 3344 videris
604 3287 779 3356 illum,
808 3304 970 3361 quem
1001 3288 1198 3345 Filium
1225 3287 1317 3346 Dei
1346 3289 1621 3354 audieras,
1651 3298 1706 3347 et
1735 3290 1946 3352 sciebas

371 3377 579 3448 absque
624 3380 832 3439 semine
877 3380 978 3435 viri
1024 3396 1147 3437 esse
1202 3389 1552 3451 generatum,
1600 3381 1847 3452 crnciﬁgi
1890 3390 1948 3437 et

368 3473 532 3542 mori,
563 3480 621 3529 et
657 3473 943 3545 suppliciis
979 3473 1239 3529 humanis
1271 3487 1392 3527 esse
1438 3472 1768 3541 subjectum,
1794 3484 1849 3529 et
1877 3473 1947 3529 ad

369 3570 706 3633 postremum
749 3562 1173 3634 lacrymabiliter
1214 3569 1632 3632 conquerentem
1676 3570 1838 3631 atque
1866 3562 1949 3617 di.-

368 3663 625 3712 ccntcm:
660 3653 844 3720 Pater,
887 3655 936 3708 si
974 3654 1224 3725 possibile
1266 3663 1379 3719 est,
1423 3660 1755 3722 pertranseat
1800 3653 1949 3711 calls:

369 3746 468 3801 iste
504 3762 539 3803 α
569 3760 653 3802 ms
678 3745 743 3803 ⁸⁸.
772 3744 929 3799 -Ει
971 3756 1119 3800 tuam
1159 3762 1283 3817 ergo
1324 3746 1557 3799 animum
1599 3733 1946 3815 pertransibit

370 3835 614 3911 gladius,
654 3848 709 3893 ut
749 3837 1044 3892 revelentur
1076 3852 1142 3893 ea:
1181 3837 1471 3892 multorum
1512 3836 1759 3893 cordibus
1801 3837 1947 3908 cogi-

371 3930 619 3984 taliones.
671 3928 1043 4001 Cogitationes
1092 3937 1251 3987 erant
1301 3927 1459 3987 mala:
1502 3926 1556 3987 in
1608 3926 1945 3994 hominibus,

369 4035 494 4090 qua:
535 4027 821 4093 propterea
866 4021 1115 4078 revelatus
1164 4030 1315 4084 sunt,
1362 4027 1422 4074 ut
1461 4019 1683 4088 prolata
1725 4017 1781 4072 in
1826 4032 1943 4074 me.-

368 4109 521 4165 dium
576 4112 954 4182 perderentur,
1011 4118 1067 4165 et
1121 4109 1420 4166 interfecta:
1468 4116 1631 4177 atque
1684 4117 1948 4165 emortua:

368 4216 493 4258 esse
524 4202 856 4273 desinerent,
897 4213 953 4260 et
976 4202 1251 4258 occideret
1284 4216 1379 4256 eas
1414 4200 1502 4256 ille
1530 4200 1622 4268 qui
1653 4214 1753 4268 pro
1786 4200 1948 4259 nobis

437 4294 483 4326 δ’
506 4292 697 4353 Matth.
727 4312 878 4362 xxvi,
904 4297 995 4352 3i.
1067 4296 1114 4328 ⁸⁸
1142 4294 1275 4355 ibid.
1314 4293 1407 4355 59.
1478 4293 1522 4325 "
1547 4289 1692 4347 Psal.
1722 4306 1897 4359 χχχιι,
1922 4293 1979 4348 5.

441 4386 553 4455 (4⁵1)
587 4385 703 4458 Hoc
725 4402 945 4458 quoque
973 4402 1139 4458 supra
1170 4393 1419 4458 notatum
1445 4392 1529 4458 est
1555 4381 1721 4458 nobis
1742 4380 1813 4458 ad
1844 4381 1944 4435 hos-

369 4451 576 4513 miliam
601 4455 669 4510 M
688 4451 878 4529 contra
901 4451 1210 4529 Origénem,
1231 4455 1320 4529 ubi
1349 4453 1573 4529 Mariam
1595 4451 1794 4529 Christi
1831 4467 1941 4505 ma-

370 4538 531 4592 trem,
564 4534 749 4598 utpote
774 4522 1072 4598 hominem,
1097 4522 1416 4598 purgatione
1444 4522 1743 4598 indiguisse
1764 4536 1939 4598 apeco

362 4605 495 4679 cate
541 4593 738 4677 εφιίείιν
773 4594 1053 4679 temeri
1078 4593 1943 4679 ῌθηὲ.εςυιοηιίωη..ςξηει9ίέίξξξε

370 4665 630 4722 Ecclesia:
660 4662 979 4732 consensui,
1010 4664 1423 4733 Tridentinique
1452 4662 1668 4719 concilii
1698 4662 1939 4733 decreto,

370 4745 506 4793 sect.
538 4737 595 4799 ϐ,
633 4750 758 4814 can.
790 4736 884 4814 ἰᾷ,
912 4753 1024 4814 quo
1058 4735 1119 4790 B.
1154 4734 1318 4814 Virgo
1350 4734 1561 4814 nullum
1582 4746 1836 4814 .unquam
1862 4732 1941 4814 _in

369 4821 432 4862 se
463 4813 742 4877 peccatum
780 4802 1067 4877 admisisse
1094 4802 1309 4875 speciali
1340 4804 1431 4877 ρει
1455 4802 1730 4877 privilegio
1745 4802 1939 4877 _dccla-

370 4871 542 4931 ratur.
566 4873 804 4944 ldipsnm
835 4876 923 4932 hic
956 4871 1267 4944 reponimus
1295 4871 1759 4941 Adaniantio,qui
1790 4887 1944 4944 scan-

370 4889 542 4931 ratnr.
567 4889 640 4929 tot
684 4889 804 4928 sum
835 4889 923 4932 me
956 4890 1267 4944 reponimus
1295 4889 1642 4937 Adamantto,
1665 4889 1759 4941 qut
1790 4889 1943 4925 scan-

364 4945 506 5011 dali,
537 4889 901 5013 inﬁdelitatis,
934 4944 1410 5070 autigitatisque
1454 4957 1578 4998 reas
1612 4952 1789 5022 notas,
1827 4940 1943 4995 cul-

368 5030 605 5070 pamque
670 5016 1033 5070 sanctissimae
1145 5017 1193 5070 ri
1242 5014 1399 5070 Matri
1468 5013 1631 5070 audet
1698 5026 1941 5066 inurere.

444 5030 605 5085 mque
670 5016 1033 5072 sanctissimae
1088 5013 1193 5070 Dei
1242 5013 1415 5085 Matri
1468 5013 1631 5073 audet
1666 5013 1941 5085 _inurere.

422 5082 732 5155 uanqnam,
782 5094 842 5155 ut
884 5102 951 5141 ne
990 5086 1119 5155 quid
1170 5084 1547 5155 dissimulem,
1602 5082 1739 5155 scio.
1773 5090 1828 5137 et
1868 5082 1940 5155 cl.

370 5152 599 5208 "uetitis
624 5160 796 5218 notat,
828 5154 968 5225 hanc
996 5152 1166 5225 ipsam
1189 5153 1440 5224 Origenis
1468 5154 1790 5225 sententiam
1822 5154 1945 5225 toti:

367 5227 490 5278 item
546 5224 936 5291 propemodum
983 5222 1162 5281 vet-bis
1212 5226 1268 5280 in
1295 5222 1593 5292 epistolam
1639 5238 1797 5278 suam
1837 5222 1942 5275 517

366 5292 627 5364 retulisse.
657 5307 914 5364 magnum
948 5294 1231 5361 Basilium,
1267 5294 1362 5364 qui
1391 5293 1553 5364 gladii
1585 5292 1808 5347 nomine
1823 5292 1941 5364 iliu-

368 5363 1038 5433 ctuationemiquanttlam
1096 5363 1326 5420 indicari
1370 5363 1411 5418 a’
1437 5363 1692 5417 Simeone
1728 5363 1937 5426 scribit,

369 5433 669 5502 divisurum
721 5432 775 5487 in
820 5445 1002 5502 partes
1033 5433 1214 5490 Maria:
1253 5434 1529 5499 animam,
1576 5440 1803 5502 mortem
1846 5448 1942 5502 pa-

372 5505 540 5575 tiente
563 5500 909 5575 _F_ilio,_jttsta
946 5506 1187 5575 ejusdem
1218 5504 1498 5575 oraculum
1523 5519 1536 5555 :
1569 5501 1760 5575 Omnes
1791 5500 1942 5575 scan-

368 5570 836 5645 dalisabiiniuiin
862 5570 990 5631 nte:
1010 5576 1267 5645 Alioquin
1295 5573 1634 5645 aglpsanctam
1668 5570 1938 5643 Virginem

369 5643 564 5697 mortis
605 5641 807 5712 Christi
860 5646 1095 5702 lassatum
1148 5641 1256 5700 non
1312 5642 1483 5703 fuisse
1529 5641 1934 5712 perventurum.

368 5712 533 5766 Adsit
579 5710 832 5784 laudatus
876 5715 1228 5770 Aln'incensis
1278 5709 1568 5784 cpiscopus
1602 5710 1783 5765 Titum
1829 5709 1937 5784 Βυ·

368 5793 612 5840 strenum
634 5820 651 5849 ,
690 5782 1169 5854 Amphilochium,
1218 5781 1358 5842 orni.
1394 5781 1555 5853 3,700
1586 5798 1803 5837 occursu
1837 5781 1937 5835 Do-

2055 1927 2338 1997 prehendit
2382 1924 2665 1993 infantem,
2696 1932 2748 1980 et
2790 1924 2962 1989 tenuit
2992 1924 3046 1983 in
3079 1923 3320 1985 brachiis
3349 1923 3504 1981 suis:
3532 1924 3627 1978 de-

2055 2019 2184 2081 inde
2216 2020 2435 2089 mulier,
2461 2018 2621 2089 cujus
2649 2032 2756 2081 non
2791 2025 2921 2075 sunt
2951 2016 3172 2087 quidem
3202 2017 3366 2073 verba
3393 2016 3623 2086 digesta,

2055 2113 2148 2174 sed
2186 2111 2392 2175 dictum
2440 2119 2524 2173 est
2562 2108 2889 2189 generaliter-
2931 2106 3077 2177 quod
3122 2106 3375 2165 confessa
3413 2108 3483 2167 sit
3522 2107 3629 2167 Do-

2056 2200 2228 2268 mino,
2274 2208 2329 2261 et
2374 2199 2556 2261 locuta
2601 2197 2669 2255 de
2701 2211 2768 2257 co
2808 2196 3065 2259 omnibus
3106 2197 3200 2266 qui
3243 2197 3632 2266 exspectabant

2053 2288 2486 2362 redemptionem
2520 2284 2705 2347 Israel.
2743 2282 2811 2337 Et
2839 2284 2987 2356 juste
3016 2293 3203 2349 sancta
3242 2285 3440 2348 mulier
3467 2286 3632 2355 spiri-

2056 2389 2169 2437 tum
2202 2377 2558 2450 propltetandi
2588 2374 2786 2431 meruit
2814 2376 3077 2446 accipere,
3108 2375 3235 2445 quia
3275 2376 3432 2447 longa
3460 2378 3630 2433 casti-

2055 2479 2164 2527 tate
2207 2470 2491 2542 longisque
2518 2467 2744 2540 jejuniis
2782 2467 2849 2523 ad
2891 2467 2995 2523 hoc
3027 2470 3242 2525 culmen
3286 2471 3625 2527 asccntlt-raz.

2060 2560 2266 2643 Videte,
2304 2563 2582 2630 mulieres,
2613 2561 2986 2618 testimonium
3022 2561 3213 2628 Annae,
3245 2571 3298 2618 et
3333 2562 3627 2625 imitamini

2052 2653 2206 2725 illud,
2250 2655 2297 2710 si
2337 2654 2561 2726 quando
2599 2655 2755 2717 vobis
2793 2654 3035 2710 evenerit
3081 2663 3141 2709 ut
3184 2656 3421 2727 perdatis
3457 2657 3623 2712 viros.

2051 2745 2412 2803 Considerate
2436 2748 2567 2819 quid
2594 2747 2662 2804 de
2694 2763 2758 2802 ea
2789 2747 3053 2817 scriptum
3081 2747 3154 2805 sit
3183 2766 3197 2807 :
3225 2747 3437 2818 Septem
3471 2754 3628 2804 anilis

2051 2842 2186 2897 vixit
2232 2840 2592 2912 avirgim'tate
2640 2858 2739 2896 sua
2787 2855 2907 2895 cum
2958 2843 3069 2897 viro
3125 2859 3243 2902 suo.
3291 2852 3346 2897 et
3396 2842 3627 2911 reliqua,

2051 2938 2328 3004 propterea
2353 2932 2627 3002 prophetes
2649 2931 2774 3002 (ait.
2805 2931 2991 3002 Neque
3018 2933 3164 2988 enim
3198 2943 3256 2993 ut
3280 2933 3411 2994 libet
3442 2940 3496 2988 et
3522 2930 3630 2986 lor-

2053 3029 2193 3084 tuito
2218 3025 2454 3096 Spiritus
2478 3034 2699 3083 sanctus
2726 3026 2991 3081 habitavit
3026 3027 3077 3085 in
3106 3042 3190 3085 ea.
3222 3026 3431 3081 Bonum
3463 3036 3546 3083 est
3575 3036 3629 3081 et

2053 3116 2313 3187 primum,
2357 3117 2403 3170 si
2443 3132 2550 3187 qua
2594 3127 2775 3187 potest
2809 3118 3138 3198 virginitatis
3187 3118 3415 3187 gratiam
3454 3117 3631 3187 possi-

2050 3206 2202 3262 dere.
2231 3204 2291 3259 Si
2319 3212 2501 3261 autem
2533 3205 2638 3259 hoc
2665 3220 2772 3261 non
2802 3204 3061 3275 poluerit,
3090 3206 3181 3261 sed
3213 3206 3457 3269 evenerit
3483 3205 3534 3260 ei
3567 3214 3630 3259 ut

2050 3297 2243 3372 perdat
2266 3297 2467 3365 virum.
2503 3296 2667 3353 vidua
2699 3305 3026 3367 perseveret.
3058 3295 3214 3364 Quod
3250 3298 3471 3369 quidem
3505 3312 3615 3352 non

2052 3390 2231 3455 solum
2273 3397 2397 3459 post
2421 3397 2651 3447 mortem
2694 3388 2959 3455 viri,.sed
3003 3388 3164 3444 etiam
3210 3404 3334 3445 cum
3370 3389 3459 3444 ille
3497 3388 3629 3444 vivit

2049 3479 2212 3537 debet
2234 3478 2435 3539 habere
2476 3478 2531 3533 in
2558 3478 2765 3543 animo,
2796 3486 2855 3535 ut
2897 3479 3111 3533 etiamsi
3160 3494 3269 3539 non
3298 3480 3505 3534 venerit
3533 3495 3627 3533 vo-

2051 3567 2235 3623 luntas
2274 3566 2445 3637 ipsius
2483 3575 2540 3622 et
2564 3564 2928 3636 propositum,
2971 3581 3003 3619 a
3032 3564 3266 3622 Domino
3310 3579 3623 3630 coronetur,

2048 3666 2105 3717 et
2129 3655 2311 3715 dicat:
2341 3654 2457 3713 Hoc
2491 3669 2661 3713 voveo
2691 3663 2855 3724 atque
2884 3656 3161 3725 promitto,
3193 3657 3239 3711 si
3267 3658 3400 3715 mihi
3434 3657 3627 3714 huma-

2049 3761 2183 3801 num
2217 3745 2423 3816 aliquid
2452 3745 2599 3815 quod
2635 3759 2744 3798 non
2788 3753 2918 3815 opto
2957 3746 3272 3816 contigerit,
3307 3747 3445 3803 nihil
3476 3748 3623 3807 aliud

2046 3837 2246 3893 faciam
2274 3852 2438 3907 quam
2502 3836 2930 3901 incontaminala
2954 3837 3227 3908 viduaque
3260 3853 3620 3908 perseverem.

2049 3927 2209 3987 Nunc
2238 3943 2368 3986 vero
2394 3935 2452 3987 et
2482 3927 2736 3989 secunda
2777 3937 2833 3993 et
2863 3929 3039 3984 tertiae
3079 3938 3134 3985 et
3162 3940 3371 3999 quartae
3397 3933 3620 4001 nuptiae,

2052 4029 2116 4079 ut
2139 4020 2208 4076 de
2234 4020 2486 4091 pluribus
2522 4028 2756 4087 taceam,
2785 4020 3152 4090 reperiuntur,
3183 4029 3237 4076 et
3268 4036 3375 4076 non
3405 4023 3620 4093 ignora-

2052 4128 2177 4167 mus
2201 4111 2348 4182 quod
2388 4112 2501 4175 tale
2534 4110 2851 4183 coniugium
2874 4110 2991 4182 (48)
3013 4110 3194 4181 ejiciet
3235 4126 3335 4167 nos
3363 4113 3430 4168 de
3452 4128 3619 4185 regno

2054 4202 2171 4260 Dei.
2224 4202 2378 4260 Sicut
2407 4203 2556 4261 enim
2599 4204 2669 4259 ab
2714 4203 3098 4269 ecclesiasticis
3122 4202 3479 4273 dignitatibus
3507 4221 3615 4261 non

2054 4296 2100 4329 "
2123 4294 2227 4352 lsa.
2256 4312 2403 4363 κων,
2430 4296 2521 4354 22.

2050 4384 2205 4454 mini,
2225 4383 2673 4456 Chrysostomum
2696 4385 2756 4456 in
2780 4384 3061 4456 psal._snt,
3085 4385 3345 4456 Cyrillum
3380 4386 3437 4440 in
3456 4384 3619 4441 Joan.

2053 4472 2193 4521 nem,
2223 4454 2470 4525 alioSque
2503 4454 2819 4523 nonnullos,
2851 4454 2944 4524 qui
2978 4454 3249 4510 Simeonis
3277 4457 3615 4525 prophetiam

1979 4499 2022 4555 υ
2050 4499 2570 4594 sissesisse?
2579 4499 3612 4594 gs.“g;.“:’.;.:.a;a"gs;lamissus;

2045 4595 2228 4651 statim
2258 4596 2443 4652 animo
2474 4594 2851 4665 conlirmatam
2890 4594 3110 4649 Mariam
3152 4596 3338 4661 fuisse,
3372 4595 3613 4665 plerique

2040 4681 2233 4721 omnes
2262 4664 2489 4719 ntinimc
2526 4664 2875 4718 dillitcantur.
3271 4674 3288 4691 θ

2116 4735 2230 4815 (i8;
2274 4732 2400 4815 llzcc
2426 4749 2642 4815 quoque
2671 4735 2873 4815 absona
2905 4731 3448 4815 Ecclesiasdogmatis
3488 4749 3613 4789 scn-

2046 4802 2219 4859 ten'tia
2241 4805 2412 4858 estde
2441 4802 2649 4857 iteratis
2679 4803 2904 4871 nuptiis,
2934 4804 3077 4872 quod
3105 4802 3325 4870 ejicia’nt
3348 4802 3416 4857 de
3441 4819 3610 4873 regno

2045 4873 2161 4929 Dei.
2194 4872 2260 4927 Et
2294 4874 2423 4928 licet
2447 4874 2609 4943 paulo
2648 4883 2769 4938 post
2798 4887 3068 4926 summam
3110 4874 3451 4943 severitatem
3496 4872 3609 4943 ipse

2040 4951 2308 5014 temperet
2359 4943 2745 5005 Adamantius,
2792 4951 2845 5014 et
2872 4942 3163 4997 metuentis
3215 4944 3393 5010 potius
3440 4942 3604 5012 quam

2044 5011 2338 5071 asserentis
2379 5014 2539 5067 modo
2568 5011 2879 5082 pronuntiet
2906 5028 2920 5064 :
2951 5027 3074 5082 cum
3109 5020 3289 5067 tamen
3325 5028 3418 5071 eas
3448 5011 3604 5082 quasi

2042 5085 2135 5154 pio
2170 5094 2225 5138 et
2254 5080 3110 5154 Citrisliatto'ltomiiteindignas
3144 5083 3410 5145 traducat,
3446 5080 3607 5136 nolit-

2040 5148 2151 5223 que
2178 5155 2454 5224 digamum
2489 5167 2598 5206 esse
2623 5152 2687 5204 de
2713 5148 3046 5224 Ecclesia,’et
3073 5151 3139 5204 de
3161 5168 3220 5205 eo
3249 5168 3485 5216 numero,
3516 5154 3608 5220 qui

2043 5219 2147 5277 non
2182 5219 2334 5277 habet
2369 5238 2554 5293 rugam
2596 5231 2695 5293 aut
2728 5219 3026 5293 nauculam,
3061 5230 3115 5277 et
3153 5224 3347 5279 merita
3389 5219 3607 5293 vapulat

2038 5294 2112 5351 ab
2158 5291 2544 5348 ecclesiasticis
2594 5291 2972 5361 scriptoribus,
3022 5293 3397 5361 praecipueque
3431 5291 3607 5346 Theo-

2043 5364 2213 5432 pltilo,
2245 5372 2299 5432 et
2334 5364 2609 5432 notionem
2643 5359 2897 5415 Ecclesiae
2933 5359 3164 5432 possitne
3187 5359 3417 5432 videtur
3454 5377 3610 5417 accc-

2041 5428 2208 5503 pisse.
2242 5431 2441 5487 Notum
2468 5428 3018 5503 Montanistarumet
3045 5428 3469 5503 Novatianorum
3490 5431 3611 5503 hn-

2035 5500 2274 5574 jusmodi
2303 5504 2496 5574 placita
2527 5500 3340 5574 orthodosorumanathematis
3362 5502 3606 5574 conlisa;

2038 5568 2142 5628 hec
2173 5568 2354 5628 tamen
2383 5573 2717 5628 dillitendum
2760 5568 3011 5628 Ot'itzenis
3047 5585 3160 5624 aevo
3197 5569 3464 5622 secundas
3505 5585 3608 5623 nu-

2039 5644 2182 5716 ptias
2204 5643 2425 5716 licuisse
2438 5642 2681 5712 quidem.
2700 5641 2802 5716 sed
2820 5638 3054 5709 aliquam
3075 5649 3252 5716 tamen
3266 5638 3611 5716 incontinen-

2041 5710 2130 5793 tiae
2162 5713 2398 5783 speciem
2428 5710 2539 5781 prae
2582 5730 2640 5767 se
2684 5711 2895 5777 tulisse,
2923 5721 2974 5765 et
2998 5710 3330 5779 pontitentite
3378 5710 3607 5777 ἰιιψυδὶο

2041 5792 2186 5837 tium:
2213 5792 2442 5838 notatas.
