4084 6302
468 347 606 402 1887

1931 352 2254 410 ORIGENIS

3594 358 3739 414 ιδεε

467 462 645 516 solum
695 459 1010 524 l'ornicatio,
1055 459 1148 514 sed
1190 469 1243 514 et
1283 462 1487 531 nuptiae
1533 464 1821 533 repellunt,
1867 481 2044 535 neque
2071 471 2118 528 Α
2149 479 2340 534 puero,
2369 465 2460 534 qui
2521 463 2753 519 necdum
2807 463 3094 520 duodecim
3133 479 3310 520 annos
3367 466 3733 538 impleverat,

468 555 614 608 enim
655 553 968 622 episcopus,
1001 568 1100 607 nec
1130 553 1446 625 presbyter,
1489 571 1588 611 nec
1619 557 1916 624 diaconus,
1946 574 2046 614 nec

469 647 630 698 vidua
664 649 893 712 possunt
921 657 1045 697 esse
1079 641 1281 711 digami
1309 661 1321 696 :
1348 644 1430 698 sic
1459 643 1688 699 forsitan
1715 655 1768 701 et
1797 647 1865 702 de
1900 660 2044 703 coetu

469 733 874 803 primitivorum
935 733 1520 803 immaculatorumque
1573 737 1857 802 Ecclesiae,
1923 755 2046 808 qua:

469 841 578 880 non
616 825 780 880 habet
816 826 1111 892 maculam,
1151 841 1326 897 neque
1368 843 1581 898 rugam,
1617 829 1866 898 ejicietur
1890 833 2038 902 diga-

467 933 592 972 mus
629 934 642 970 :
684 932 792 970 non
833 931 944 986 quo
995 918 1047 970 in
1110 927 1375 972 aeternum
1413 923 1664 974 mittatur
1710 923 2042 989 incendium,

466 1011 560 1065 sed
587 1023 700 1078 quo
738 1018 946 1079 partem
986 1025 1094 1063 non
1128 1009 1325 1065 habeat
1368 1011 1421 1066 in
1461 1029 1628 1084 regno
1652 1013 1767 1068 Dei.
1799 1015 2042 1081 Memini,

465 1117 591 1156 cum
633 1101 1020 1171 interpretarer
1060 1101 1213 1168 illud,
1253 1105 1398 1173 quod
1435 1104 1501 1158 ad
1543 1105 1857 1161 Corinthios
1905 1107 2042 1162 scri-

465 1193 615 1248 bitur
641 1209 653 1244 :
686 1191 942 1246 Ecclesia:
967 1191 1087 1255 Dei,
1115 1209 1232 1262 quae
1261 1204 1336 1247 est
1361 1193 1623 1261 Corinthi,
1656 1213 1776 1250 cum
1807 1197 2044 1252 omnibus

463 1287 555 1352 qui
588 1286 832 1338 invocant
866 1299 986 1338 eum
1009 1283 1078 1348 ⁸³,
1111 1285 1318 1340 dixisse
1349 1300 1435 1340 me
1464 1287 1833 1344 diversitatem
1861 1290 2047 1348 Eccle-

461 1381 580 1444 siae,
615 1389 670 1434 ct
699 1395 889 1434 eorum
937 1378 1030 1448 qui
1082 1378 1338 1431 invocant
1389 1395 1588 1434 nomen
1623 1380 1860 1436 Domini.
1908 1382 2046 1438 Puto

462 1474 609 1528 enim
643 1489 1052 1544 monogamum,
1089 1482 1144 1528 et
1184 1473 1470 1542 virginem.
1507 1484 1560 1530 ct
1589 1492 1712 1530 eum
1744 1479 1836 1546 qui
1873 1479 1926 1532 in
1956 1496 2047 1534 ca-

463 1564 724 1619 stimonia
771 1572 1104 1633 perseverat,
1160 1577 1282 1617 esse
1330 1564 1396 1618 de
1441 1565 1682 1621 Ecclesia
1729 1567 1823 1622 Dei
1865 1585 1880 1623 :
1919 1585 2042 1624 eum

463 1672 592 1710 vero
626 1656 722 1726 qui
765 1655 836 1710 sit
872 1655 1145 1725 digamus,
1189 1657 1312 1712 licet
1349 1657 1548 1712 bonam
1587 1659 1783 1715 habeat
1816 1676 2046 1718 conver-

463 1749 754 1810 sationem,
789 1757 843 1802 et
883 1749 1096 1802 caeteris
1135 1749 1431 1804 virtutibus
1461 1751 1681 1819 polleat,
1713 1761 1893 1807 tamen
1936 1771 2042 1809 non

2147 559 2290 613 dicta
2316 567 2462 614 sunt.
2499 557 2636 612 Cum
2685 565 2866 611 autem
2899 557 3187 612 duodecim
3233 569 3380 614 esset
3422 577 3731 630 cinnorum,

2146 659 2392 703 remanet
2425 649 2477 702 in
2527 647 2852 703 Jerusalem.
2902 647 3158 704 Parentes
3197 650 3318 720 ejus
3370 652 3682 722 ignorantes
3714 701 3730 721 ,

2145 749 2397 811 quaerunt
2425 755 2550 793 eum
2581 739 2845 804 sollicite,
2887 747 2945 794 et
2967 754 3076 796 non
3107 741 3409 796 inveniunt.
3461 742 3729 811 Quaerunt

2145 833 2288 887 inter
2315 832 2502 887 alliues
2523 873 2538 898 ,
2579 841 2828 900 quaerunt
2870 833 2924 885 in
2956 833 3218 888 comitatu
3241 875 3258 901 ,
3289 847 3542 904 qua-runt
3585 839 3734 892 inter

2145 932 2324 983 notos,
2354 923 2489 976 etin
2535 921 2620 976 bis
2647 922 2902 976 omnibus
2949 937 3059 976 non
3110 923 3412 994 reperiunt.
3455 924 3734 991 Quiut-itur

2143 1028 2273 1080 ergo
2301 1010 2462 1066 Jesus
2491 1027 2520 1066 a
2555 1013 2872 1080 parentibus
2904 1013 3022 1068 suis
3041 1029 3166 1068 cum
3210 1023 3364 1084 patre
3387 1057 3402 1078 ,
3439 1017 3528 1084 qui
3554 1021 3733 1072 nutri-

2146 1105 2256 1158 tius
2276 1114 2330 1159 et
2351 1119 2538 1160 comes
2572 1103 2752 1159 luerat
2783 1103 3078 1177 IEgyptum
3103 1106 3521 1163 descendentis:
3553 1118 3608 1163 et
3640 1119 3730 1164 ta-

2146 1211 2270 1251 men
2298 1211 2405 1249 non
2436 1195 2617 1250 statim
2653 1206 2708 1250 ut
2736 1199 3036 1266 quaeritur,
3073 1198 3370 1252 invenitur.
3414 1196 3532 1252 Non
3577 1201 3728 1254 enim

2147 1283 2290 1337 inter
2312 1291 2575 1352 cognatos
2597 1291 2650 1337 et
2681 1284 2862 1338 carnis
2896 1285 3232 1354 propinquos
3250 1287 3524 1341 invenitur
3541 1285 3728 1352 Jesus,

2147 1389 2256 1430 non
2283 1375 2337 1428 in
2371 1375 2455 1430 his
2485 1376 2577 1445 qui
2609 1377 2966 1445 corporaliter
2990 1375 3154 1448 954
3194 1379 3243 1432 ei
3285 1379 3462 1448 juncti
3491 1390 3636 1434 sunt.
3669 1381 3727 1435 In

2147 1466 2442 1521 multorum
2474 1469 2734 1523 comitatu
2758 1465 2919 1522 Jesus
2951 1484 3106 1522 meus
3132 1484 3240 1522 non
3275 1477 3451 1538 petest
3473 1471 3726 1525 inveniri.

2148 1555 2308 1612 Disce
2337 1556 2430 1610 ubi
2463 1573 2587 1610 eum
2617 1567 2922 1626 quaerentes
2952 1557 3247 1626 reperiant,
3297 1564 3355 1612 ut
3394 1567 3450 1614 et
3485 1567 3541 1613 tu
3572 1576 3727 1628 quas-

2148 1665 2277 1706 rens
2309 1666 2432 1706 cum
2466 1650 2668 1722 Josepb
2712 1651 2991 1724 Mariaque
3031 1654 3290 1723 reperias.
3327 1653 3392 1708 Et
3415 1667 3726 1725 querentes,

2151 1743 2350 1812 inquit,
2380 1743 2684 1796 invenerunt
2708 1743 2862 1796 illum
2905 1743 2958 1796 iu
2997 1745 3208 1812 templo.
3249 1742 3367 1799 Non
3421 1745 3731 1816 ubicunque

461 1857 583 1896 esse
609 1841 674 1894 de
701 1839 946 1894 Ecclesia
980 1847 1035 1892 et
1064 1839 1132 1894 de
1165 1855 1231 1894 eo
1260 1856 1516 1906 numero,
1573 1843 1669 1912 qui
1701 1859 1809 1898 non
1845 1845 2044 1901 habent

2153 1834 2204 1886 in
2245 1835 2353 1888 alio
2387 1835 2524 1899 loco,
2549 1833 2642 1890 sed
2673 1835 2726 1889 in
2765 1834 2989 1904 templo.
3025 1834 3212 1905 Neque
3260 1836 3313 1890 in
3343 1838 3545 1910 templo
3593 1837 3731 1892 sim-

464 1947 656 2001 tugam
694 1939 788 1984 aut
835 1929 1128 1996 maculam,
1177 1939 1274 1986 aut
1318 1933 1523 2004 aliquid
1575 1935 1918 2003 istiusmodi;
1955 1939 2048 1992 sed

461 2039 584 2080 esse
632 2025 700 2078 de
747 2023 988 2078 secundo
1046 2024 1248 2093 gradu,
1291 2031 1346 2080 et
1391 2027 1458 2080 de
1505 2027 1590 2080 his
1635 2029 1730 2098 qui
1791 2029 2048 2086 invocant

462 2130 660 2170 nomen
694 2114 930 2179 Domini,
960 2124 1011 2169 et
1041 2115 1133 2184 qui
1169 2117 1448 2172 salvantur
1476 2119 1696 2188 quidem
1737 2121 1792 2174 in
1819 2123 2044 2178 nomine

461 2203 590 2258 Jesu
615 2203 854 2267 Christi,
889 2219 1234 2273 nequaquam
1280 2215 1458 2261 tamen
1494 2219 1832 2265 coronantur
1861 2213 1930 2266 ab
1962 2228 2046 2268 eo.

461 2295 561 2348 Cui
605 2303 691 2349 est
729 2295 899 2366 gloria
937 2305 988 2350 et
1023 2296 1312 2366 imperium
1351 2299 1403 2352 in
1443 2301 1642 2357 sarcula
1697 2305 2046 2360 saeculorum.

459 2387 656 2440 Amen.

991 2499 1280 2556 IIOMILIA
1321 2502 1486 2567 XV”!
1503 2545 1516 2558 .

463 2611 540 2675 De
569 2631 628 2666 eo
659 2614 798 2684 quod
831 2614 1085 2684 scriptum
1112 2627 1188 2669 est
1213 2631 1231 2668 :
1280 2633 1298 2667 ι
1334 2615 1474 2672 Puer
1500 2629 1674 2672 autem
1705 2619 1968 2673 crescebat
1997 2631 2046 2674 et

535 2683 972 2751 confortabatur,
1020 2705 1038 2738 ι
1088 2703 1253 2754 usque
1296 2689 1364 2739 ad
1413 2705 1529 2741 eum
1577 2691 1772 2754 locum,
1805 2691 1893 2743 ubi
1935 2693 2045 2746 ait:

542 2774 558 2802 ι
591 2757 674 2808 Au
711 2773 741 2807 n
779 2755 1024 2830 sciebatis
1062 2757 1190 2830 quia
1225 2758 1277 2810 iu
1313 2757 1392 2812 his
1419 2775 1538 2830 qua:
1567 2758 1748 2814 Patris
1783 2762 1886 2814 mei
1921 2773 2045 2815 sunt

531 2835 735 2895 Oportet
765 2841 844 2878 me
870 2827 1022 2879 esse?
1047 2845 1065 2877 ›
1099 2825 1232 2896 Cap.
1275 2842 1336 2880 ιι.

537 2935 706 2991 Natus
750 2948 836 2994 est
863 2938 1127 2994 Dominus
1170 2956 1326 2996 meus
1363 2941 1546 3010 Jesus,
1599 2954 1654 2999 et
1685 2946 2049 3000 ascenderunt

464 3039 717 3096 parentes
758 3030 878 3099 ejus
921 3032 974 3085 in
1010 3031 1428 3105 Jerosolymatn,
1487 3045 1546 3090 ut
1600 3038 1939 3105 complerent
1981 3052 2042 3090 ca

461 3136 584 3188 quae
624 3121 840 3176 fuerant
887 3125 940 3178 in
983 3127 1097 3197 lege
1134 3138 1426 3196 prisce-pta,
1464 3138 1518 3182 et
1557 3127 1815 3182 oil‘errcnt
1847 3144 1945 3198 pro
1977 3144 2043 3183 eo

461 3230 561 3282 par
603 3224 902 3282 turturum,
935 3225 990 3270 et
1026 3219 1164 3272 duos
1203 3221 1377 3288 pullos
1412 3221 1811 3276 columbarum.
1847 3218 2046 3276 Tenuit

462 3322 587 3358 etim
620 3307 856 3362 brachiis
900 3308 1016 3362 suis
1043 3309 1280 3376 Simeon,
1307 3309 1582 3364 utdudum
1609 3309 1805 3364 lectqu
1853 3320 1956 3376 est,
1991 3323 2046 3367 et

462 3396 804 3463 prophetavit
839 3397 904 3450 de
953 3413 1019 3452 eo
1062 3415 1184 3468 qua:
1234 3407 1420 3454 narrat
1467 3399 1694 3454 historia
1735 3415 1749 3452 :
1795 3410 1848 3454 et
1893 3411 2045 3470 post-

463 3502 627 3554 quant
681 3487 862 3541 omnia
909 3487 963 3540 in
1007 3505 1160 3544 more
1194 3491 1460 3558 completa
1502 3499 1649 3555 sunt,
1699 3499 2044 3546 revertuntur

461 3587 717 3648 parentes
771 3594 879 3648 quo
917 3579 1078 3636 Jesus
1134 3590 1262 3638 tunc
1293 3581 1404 3652 (49)
1463 3583 1702 3653 agebat:
1753 3592 1808 3637 et
1861 3591 2042 3640 tamen

462 3671 725 3724 crescebat
765 3681 814 3726 et
843 3673 1248 3742 confortabatur
1281 3675 1547 3742 sapientia
1584 3685 1634 3728 et
1665 3675 1860 3745 gratia.
1909 3673 2046 3730 Net:-

462 3762 593 3814 dum
627 3761 988 3832 quadraginta
1022 3763 1140 3816 dies
1169 3763 1510 3832 purgationis
1545 3764 1880 3833 impleverat,
1919 3780 2046 3820 nec-

463 3855 594 3906 dum
631 3851 897 3907 Nazareth
941 3863 1182 3921 venerat,
1229 3863 1284 3908 et
1327 3853 1442 3924 jam
1494 3864 1663 3910 totam
1721 3855 2042 3925 sapientiam

463 3945 810 4014 respiciebat.
863 3943 1045 3998 Potuit
1083 3943 1366 4014 Scriptura
1415 3946 1616 4012 dicere,
1673 3948 1955 4002 crescebat
1991 3957 2044 4000 tt

465 4035 896 4093 cenfortabatur.
927 4045 982 4090 et
1012 4037 1312 4108 accipiebat
1343 4037 1628 4107 spiritum;
1658 4039 1752 4093 sed
1793 4039 1886 4108 qui
1919 4053 2045 4093 eva-

463 4135 722 4182 cuaverat
769 4143 828 4183 se
869 4128 1102 4184 formam
1155 4127 1298 4184 servi
1355 4129 1629 4198 accipiens
1658 4131 1726 4196 δδ,
1770 4129 1956 4184 statim
1987 4139 2046 4184 ut

463 4233 565 4288 pro
603 4218 959 4274 inundatione
989 4221 1101 4292 (50)
1142 4225 1260 4289 ejus
1303 4222 1630 4280 sacriﬁcium
1661 4221 1902 4276 oblatum
1939 4231 2042 4284 est,

463 4310 515 4364 id
552 4311 698 4378 quod
727 4313 1119 4379 vaeuel'ecerat,
1149 4313 1465 4383 adimplcvit
1489 4331 1502 4367 :
1529 4329 1636 4368 non
1671 4313 1814 4383 quod
1847 4329 2045 4382 corpus

462 4401 586 4467 ejus
619 4401 766 4456 illico
795 4403 974 4473 majus
1005 4403 1168 4460 fuerit
1219 4407 1501 4472 effectum;
1555 4405 1648 4460 sed
1679 4403 1826 4474 quod
1859 4421 2046 4460 sacra-

2149 1927 2385 1996 pliciter,
2419 1927 2512 1983 sed
2552 1928 2608 1982 in
2644 1927 2824 1982 medio
2847 1927 3156 1994 doctorum,
3203 1927 3515 1983 audientem
3549 1939 3602 1984 et
3643 1931 3732 1983 in-

2150 2025 2513 2085 terrogantem
2545 2033 2659 2072 eos.
2695 2016 2762 2072 Et
2792 2028 2847 2072 tu
2886 2033 3016 2089 ergo
3041 2035 3224 2088 qtnerc
3265 2019 3449 2076 Jesutn
3484 2021 3536 2074 in
3589 2029 3732 2074 tem-

2151 2107 2236 2176 plo
2270 2105 2385 2172 Dei,
2421 2123 2605 2176 quaere
2633 2109 2684 2162 in
2716 2107 2961 2165 Ecclesia
2989 2128 3001 2164 :
3033 2126 3218 2180 qutere
3266 2128 3390 2166 eum
3425 2113 3564 2182 apud
3607 2129 3731 2166 uta-

2149 2199 2370 2270 gistros,
2405 2199 2498 2270 qui
2529 2201 2582 2254 in
2612 2203 2812 2270 templo
2845 2211 2992 2268 sunt,
3025 2213 3080 2258 et
3123 2218 3229 2257 non
3283 2205 3631 2274 egrediuntur
3657 2222 3731 2258 ex

2149 2306 2236 2345 eo.
2269 2290 2326 2343 Si
2359 2291 2506 2346 enim
2529 2294 2602 2346 ita
2639 2294 2954 2363 quaesieris,
3009 2294 3253 2350 invenies
3293 2312 3442 2352 eum.
3476 2295 3646 2350 Porro
3678 2297 3728 2350 si

2149 2383 2422 2452 quispiam
2455 2383 2588 2439 dicit
2634 2400 2693 2439 se
2749 2387 3070 2456 magistrum
3101 2403 3222 2442 esse
3246 2427 3260 2450 ,
3293 2397 3346 2442 et
3381 2387 3564 2444 Jesum
3618 2407 3730 2442 non

2151 2471 2332 2534 habet,
2390 2473 2493 2528 iste
2548 2474 2770 2528 nomine
2805 2485 3013 2530 tantum
3053 2477 3309 2543 magister
3349 2485 3467 2540 est,
3514 2487 3568 2531 et
3605 2477 3732 2529 ideo

2148 2563 2289 2634 apud
2319 2581 2445 2620 eum
2479 2581 2586 2620 non
2617 2575 2791 2634 potest
2820 2566 3052 2622 inveniri
3099 2567 3255 2622 Jesns
3287 2566 3514 2621 Verbum
3552 2567 3642 2620 Dei
3671 2580 3732 2622 et

2149 2657 2434 2726 sapientia.
2466 2656 2716 2712 Inventus
2739 2669 2838 2720 est,
2873 2659 3072 2728 inquit,
3107 2661 3163 2714 in
3210 2659 3376 2713 medio
3424 2659 3728 2712 ductorum.

2147 2750 2432 2816 Quomodo
2456 2751 2508 2804 in
2539 2752 2645 2806 alio
2670 2752 2790 2806 loco
2823 2753 2888 2807 de
2921 2753 3203 2822 prophetis
3237 2753 3496 2822 scriptum
3519 2762 3621 2810 est.
3649 2753 3734 2807 sic

2148 2851 2202 2896 et
2236 2857 2381 2896 nunc
2418 2842 2656 2912 intelligo
2689 2844 2742 2896 in
2773 2843 2952 2898 medio
3003 2844 3311 2899 doctorum.
3353 2843 3432 2909 Si,
3457 2844 3628 2914 inquit
3657 2847 3731 2910 ³³,

2147 2933 2303 2987 alteri
2327 2933 2608 2988 revelatum
2631 2933 2793 3004 fuerit
2821 2935 3043 3002 sedenti,
3072 2938 3279 3004 primus
3316 2946 3508 2992 taceat.
3536 2935 3590 2990 In
3623 2955 3731 2993 tne-

2147 3023 2238 3079 dio
2267 3025 2552 3080 doctorum
2589 3027 2868 3082 sedentem
2899 3028 3181 3082 inveniunt
3203 3044 3328 3082 eum
3359 3047 3372 3082 :
3406 3037 3460 3083 et
3491 3044 3598 3082 nan
3635 3047 3731 3083 so-

2146 3116 2258 3170 ltnn
2282 3119 2582 3185 sedentem,
2611 3119 2704 3174 sed
2728 3129 2780 3174 et
2810 3119 3173 3174 sciscitantem
3196 3128 3250 3174 et
3275 3121 3586 3174 audientem
3611 3136 3728 3173 eos.

2147 3206 2214 3262 Et
2251 3224 2396 3262 nunc
2427 3225 2668 3279 praesens
2695 3218 2780 3265 est
2798 3208 2978 3274 Jesus,
3009 3214 3306 3282 interrogat
3345 3227 3465 3275 nos,
3497 3213 3728 3265 claudit

2147 3300 2448 3370 loquentes.
2485 3301 2552 3354 Et
2582 3301 2932 3368 mirabantur,
2961 3302 3154 3372 inquit,
3184 3319 3383 3356 omnes.
3411 3303 3586 3372 Super
3613 3319 3728 3378 quo

2147 3394 2530 3448 mirabantur?
2553 3394 2669 3448 Non
2703 3413 2866 3465 super
2901 3397 3422 3466 interrogationilms
3439 3398 3577 3466 eius,
3605 3399 3734 3452 licet

2146 3494 2201 3540 et
2235 3485 2366 3555 ipsa!
2397 3487 2676 3542 mirabiles
2710 3497 2866 3542 erant
2892 3531 2907 3554 ,
2959 3489 3050 3542 sed
3085 3505 3249 3558 super
3277 3491 3732 3560 responsionibus

2146 3575 2286 3644 ejus.
2315 3575 2474 3630 Aliud
2500 3588 2583 3631 est
2612 3575 2756 3630 enim
2792 3579 3150 3645 interrogare,
3184 3579 3329 3632 aliud
3375 3579 3724 3648 respondere.

2147 3665 2525 3738 lnterrogabat
2558 3669 2872 3738 magistros,
2896 3678 2950 3723 et
2971 3671 3098 3738 quia
3124 3669 3455 3740 respondere
3479 3685 3586 3724 non
3627 3687 3698 3739 po
3715 3703 3730 3711 -

2148 3766 2344 3826 terant,
2376 3759 2494 3828 ipse
2527 3761 2635 3827 his,
2666 3761 2734 3816 de
2767 3762 2969 3832 quibus
3017 3763 3464 3834 interrogaverat.
3493 3778 3730 3830 respon-

2146 3850 2328 3906 debat.
2378 3849 2536 3915 Quod
2581 3859 2764 3907 autem
2818 3855 3104 3923 responsio
3152 3871 3260 3909 non
3293 3853 3725 3909 vicissitudinem

2148 3939 2539 3998 scrmOCinalldi
2561 3979 2578 4004 ο
2641 3945 2738 3999 sed
2779 3945 3084 4000 doctrinam
3115 3947 3167 4000 in
3198 3946 3491 4015 Scripturis
3519 3947 3730 4000 sanctis

2148 4045 2326 4102 sonet,
2356 4035 2438 4089 lex
2490 4036 2675 4090 divina
2735 4044 2786 4090 te
2829 4037 3040 4092 doceat.
3081 4036 3293 4108 Moyses
3351 4037 3681 4106 loquebatur
3711 4079 3726 4100 ,

2148 4124 2291 4180 Deus
2322 4135 2502 4180 autem
2539 4127 2900 4196 respondebat
2929 4129 2978 4182 ei
3003 4143 3154 4183 voce.
3185 4127 3490 4196 Responsio
3512 4128 3600 4182 illa
3635 4143 3726 4181 co-

2148 4231 2270 4270 rum
2311 4225 2452 4280 erat,
2485 4231 2650 4284 super
2678 4217 2878 4284 quibus
2909 4218 3250 4286 ignorantem
3287 4215 3505 4286 Moysen
3537 4215 3730 4269 Domi-

2147 4327 2250 4364 nus
2293 4311 2611 4364 instruebat.
2667 4309 2938 4364 Interdum
2988 4311 3284 4379 interrogat
3327 4307 3522 4372 Jesus,
3555 4309 3730 4362 inter-

2145 4401 2273 4454 dum
2329 4401 2640 4470 respondet,
2701 4401 2845 4456 sicut
2894 4416 3059 4470 supra
3109 4401 3364 4454 diximus.
3397 4397 3728 4467 Quanquam

466 4491 576 4548 tius
602 4491 882 4562 quippiam
915 4493 1408 4559 demonstraretur,
1430 4495 1711 4566 Scriptura
1744 4494 2040 4550 referente;
2077 4499 2120 4554 ι)
2151 4489 2414 4544 mirabilis
2437 4489 2558 4558 ejus
2589 4489 2943 4559 interrogatio
2973 4489 3065 4554 sit,
3098 4499 3278 4544 tamen
3332 4490 3501 4544 multo
3557 4489 3727 4546 ιιιῖωυ

461 4581 604 4638 Puer
631 4596 810 4638 autem
839 4585 1100 4640 crescebat
1131 4597 1180 4640 et
1213 4588 1640 4658 confartabatur,
1665 4598 1714 4642 et
1743 4587 2044 4657 replebatur

461 4675 744 4743 sapientia.
763 4675 1084 4741 Quteramus
1109 4679 1284 4735 sicubi
1307 4680 1435 4734 alibi
1453 4681 1519 4734 de
1537 4680 1762 4759 parvulo
1783 4680 2042 4749 scriptum

463 4771 555 4835 sit,
579 4771 844 4830 crescebat
869 4781 918 4824 et
943 4773 1373 4840 confortabatur,
1405 4787 1462 4832 ut
1485 4791 1551 4829 ex
1575 4775 1866 4832 collatione
1907 4775 2046 4830 mul-

464 4867 642 4912 torum
665 4860 792 4928 quid
815 4861 936 4929 plus
960 4859 1012 4912 in
1033 4860 1264 4919 Domino
1288 4876 1474 4920 nostro
1496 4865 1730 4930 dicatur,
1751 4865 2047 4934 intelligere

463 4948 764 5005 valeamus.
783 4949 858 5004 De
876 4947 1087 5006 Joanne
1105 4970 1119 5005 :
1137 4949 1282 5006 Puer
1303 4963 1474 5008 autem
1495 4958 1754 5010 crescebat
1773 4964 1820 5008 et
1840 4955 2050 5022 confor-

466 5039 682 5094 tabatur
695 5054 714 5092 :
727 5050 780 5096 et
797 5051 977 5096 tamen
995 5058 1103 5098 non
1125 5045 1364 5110 additur,
1383 5057 1430 5101 et
1449 5046 1746 5116 rapiebatur
1764 5047 2052 5116 sapientia,

467 5130 562 5184 sed
615 5131 1026 5198 confartabatur
1066 5134 1280 5203 spiritu.
1336 5135 1435 5192 Hic
1477 5153 1604 5191 vero
1647 5138 1714 5191 de
1765 5137 1994 5192 Domino
2029 5157 2044 5193 :

465 5218 766 5286 Crescebat,
797 5221 996 5290 inquit,
1021 5231 1072 5276 et
1095 5225 1522 5292 confortabatur,
1557 5239 1604 5281 et
1637 5227 1938 5296 replebatur
1956 5245 2045 5282 sa-

463 5311 686 5378 pientia,
710 5322 760 5365 et
786 5312 964 5380 gratia
993 5309 1090 5366 Dei
1108 5324 1226 5368 erat
1260 5333 1418 5385 super
1439 5334 1578 5372 eum.
1611 5315 1735 5372 llazc
1761 5319 1948 5372 omnia
1979 5317 2045 5372 de

533 5449 620 5502 ⁸³1
649 5448 776 5504 Cor.
821 5465 860 5516 ι,
882 5448 937 5502 2.
1015 5451 1061 5482 ⁵⁵
1093 5451 1286 5523 Philip.
1320 5472 1380 5524 ti,
1413 5456 1465 5512 7.

539 5587 652 5654 (i9)
675 5587 1282 5661 _l_iescripsitnus_gtunc,
1322 5607 1420 5658 pro
1452 5607 1562 5661 quo
1593 5609 1730 5645 nunc
1765 5591 2047 5661 legebatur

468 5666 648 5730 antea,
673 5658 836 5724 idque
861 5674 1033 5728 genus
1065 5658 1650 5730 aliaintereunt—taciti
1685 5658 2042 5730 castigatiitts.

469 5721 1045 5798 llic__veioctmiextus
1073 5728 1234 5796 paulo
1270 5728 1448 5798 adhuc
1481 5731 1690 5782 videtur
1730 5721 2042 5798 impvetlitusl

540 5793 654 5862 (50)
706 5793 901 5851 llecole
946 5793 1354 5866 qum—snperius
1399 5798 1464 5853 ad
1502 5799 1689 5856 homil.
1732 5793 1934 5855 lb'bac
1982 5800 2048 5854 de

1541 5457 1588 5490 ⁸⁵
1619 5457 1640 5511 l
1667 5458 1794 5514 Cor.
1830 5475 1942 5524 xrv,
1975 5457 2066 5512 50.

2153 4577 2312 4632 bilior
2338 4586 2420 4632 est
2447 4576 2753 4646 responsio.
2791 4574 2856 4634 Ut
2879 4575 3044 4646 igitur
3059 4586 3114 4629 et
3143 4591 3243 4631 nos
3268 4575 3556 4632 audiamus
3578 4592 3724 4640 eunt,

2152 4679 2207 4722 et
2239 4676 2506 4738 proponat
2537 4667 2696 4721 nobis
2731 4667 3084 4736 qutestiones,
3116 4680 3254 4735 quas
3297 4666 3413 4734 ipse
3440 4665 3728 4730 dissolvat,

2154 4761 2508 4820 Obsecremus
2541 4757 2716 4820 illum,
2741 4766 2946 4811 etcum
2983 4756 3170 4810 labore
3221 4756 3392 4810 nimio
3443 4767 3498 4810 et
3540 4755 3731 4809 dolore

2153 4867 2484 4922 quaeramus,
2511 4859 2565 4903 et
2597 4859 2725 4903 tunc
2755 4847 3054 4918 poterimus
3087 4848 3332 4902 invenire
3351 4863 3509 4916 quem
3531 4846 3732 4915 quaeri-

2157 4959 2300 4998 mus.
2330 4941 2449 4996 Non
2471 4941 2615 4996 enim
2651 4939 2857 4994 frustra
2890 4939 3154 5008 scriptum
3175 4949 3261 4994 est
3293 4959 3306 4992 :
3344 4937 3454 5008 Ego
3491 4948 3539 4991 et
3577 4947 3731 5005 pater

2156 5047 2277 5090 tuus
2303 5033 2536 5088 dolentes
2557 5031 2919 5104 qitwrebamus
2945 5041 3024 5085 te:
3053 5039 3264 5100 oportet
3287 5029 3433 5092 enim
3463 5027 3552 5107 qui
3580 5042 3730 5096 qua:-

2153 5130 2222 5193 rit
2241 5127 2447 5193 Jesum,
2469 5143 2576 5183 non
2599 5127 2952 5198 negligenter,
2977 5140 3084 5177 non
3113 5123 3400 5187 dissolute,
3420 5137 3525 5177 non
3551 5129 3728 5177 trans-

2153 5222 2312 5276 itorie
2354 5234 2636 5291 quaerere,
2671 5220 2814 5274 sicut
2857 5223 3111 5286 quierunt
3163 5213 3451 5277 nonnulli,
3498 5221 3548 5266 et
3605 5211 3733 5265 ideo

2155 5313 2400 5377 invenire
2427 5327 2535 5366 non
2571 5317 2819 5389 possunt.
2846 5305 2959 5362 Nos
2989 5314 3170 5362 autem
3207 5305 3494 5358 dicamus:
3529 5301 3735 5356 Dolen—

2151 5589 2481 5660 purgatione
2520 5602 2583 5641 ex
2616 5586 2864 5660 Ortgenis
2910 5597 3073 5660 sensu
3113 5582 3374 5660 diximus,
3419 5577 3640 5660 quibus,
3662 5579 3734 5632 ad

2156 5650 2447 5714 iolleiidam
2470 5650 2819 5726 biaspbetuim
2846 5652 3386 5726 suspicionem,adde
3411 5650 3732 5726 przeclarmn

2153 5746 2220 5784 ex
2249 5718 2605 5796 subsequenti
2629 5725 2871 5796 ejusdem
2903 5718 3122 5796 humilia
3149 5721 3474 5796 sententiam
3498 5735 3509 5770 τ
3535 5718 3733 5776 Anima

2155 5799 2279 5853 .lcsu
2315 5791 2580 5869 nunquam
2605 5791 2804 5864 peccati
2839 5792 2992 5846 sorde
3026 5791 3294 5846 maculata
3321 5800 3418 5844 est.
