4084 6302
398 393 526 448 Ι8ὺι

1865 385 2189 442 OlilCE-NIS

3503 393 3645 449 1852

383 503 604 570 quando
636 511 688 557 ct
714 513 768 558 ιιι
805 499 1086 573 qumsieris
1110 501 1304 558 Filium
1335 503 1451 571 Dei,
1507 522 1689 576 quaere
1719 507 1955 576 primum
1990 512 2032 568 Α
2062 515 2131 559 tet
2162 522 2242 560 me
2265 522 2392 560 esse.
2435 504 2773 562 Erubescant
2816 521 3008 562 omnes
3037 501 3273 562 haeretici
3295 549 3310 573 ,
3334 509 3427 579 qui
3459 507 3639 564 Evan-

388 594 444 648 in
481 596 701 664 templo,
739 595 866 648 illuc
899 610 1148 665 propera,
1187 597 1260 652 ibi
1287 597 1602 665 Christum,
1649 613 1954 653 sermonem

384 698 549 756 atque
575 687 922 755 sapientiam,
959 689 1010 743 id
1043 699 1144 757 est,
1182 690 1378 747 Filium
1404 689 1518 758 Dei,
1539 691 1799 762 reperies.
1819 690 1960 757 Quo-

387 782 530 832 niam
569 794 696 834 vero
719 782 979 849 parvulus
1013 793 1164 848 erat,
1207 784 1480 841 invenitur
1515 784 1567 838 in
1605 784 1784 838 medio
1823 799 1960 852 pne-

385 880 686 939 ceptorum,
715 870 1061 928 sanctiﬁcans
1100 883 1155 929 et
1197 878 1454 932 erudiens
1482 891 1599 932 eos.
1638 876 1776 944 Quia
1833 894 1977 948 ρον-ι

383 961 544 1018 vulus
569 972 706 1026 erat,
741 962 1015 1019 invenitur
1044 966 1098 1019 in
1131 967 1329 1033 medio,
1356 983 1462 1023 non
1485 983 1580 1024 eos
1607 970 1830 1036 docens,
1864 970 1956 1026 sed

384 1053 745 1123 interrogans,
779 1053 963 1109 ethoc
986 1070 1086 1125 pro
1128 1058 1300 1113 iactatis
1334 1057 1530 1127 ofﬁcio,
1569 1072 1626 1115 ut
1676 1077 1775 1117 nus
1798 1063 1958 1118 doce-

381 1154 467 1198 ret
490 1142 620 1213 quid
648 1144 852 1214 pueris,
877 1146 1128 1216 quamvis
1162 1150 1434 1219 sapientes
1477 1160 1531 1206 et
1562 1152 1759 1207 eruditi
1805 1155 1915 1209 sint
1941 1197 1956 1222 ,

382 1235 720 1304 conveniret,
756 1247 814 1292 ut
840 1239 1063 1294 audiant
1092 1242 1273 1311 potius
1296 1244 1611 1314 magistros,
1656 1263 1820 1316 quam
1859 1248 1959 1302 do-

383 1341 508 1381 cere
532 1326 861 1392 desiderent,
890 1339 942 1385 ct
969 1346 1028 1385 se
1059 1347 1199 1388 vana
1225 1337 1586 1391 ostentatione
1605 1353 1708 1391 non
1729 1337 1955 1407 jactent.

385 1417 780 1490 lnterrogabat,
813 1421 1033 1492 inquam
1055 1462 1069 1487 ,
1103 1427 1392 1496 magistros
1419 1467 1434 1489 ,
1491 1444 1598 1482 non
1643 1438 1704 1484 ut
1754 1430 1960 1500 aliquid

383 1504 636 1573 disceret,
670 1511 764 1567 sed
792 1521 850 1567 ut
882 1514 1221 1584 interrogans
1248 1517 1505 1574 erudiret.
1529 1517 1606 1573 Ex
1626 1535 1735 1574 uno
1761 1521 1960 1591 quippe

382 1597 648 1656 doctrinae
674 1601 823 1658 fonte
848 1615 1031 1660 manat
1063 1616 1117 1660 et
1167 1606 1504 1680 interrogare
1544 1621 1598 1666 et
1630 1614 1959 1682 respondere

384 1693 700 1761 sapienter:
733 1703 786 1750 et
805 1695 1049 1764 ejusdem
1095 1699 1336 1754 scientiae
1372 1710 1487 1764 est,
1534 1703 1675 1758 scire
1709 1704 1839 1774 quid
1871 1705 1957 1758 in-

383 1793 646 1855 terroges,
671 1787 868 1856 quidve
901 1789 1251 1858 respondeas.
1285 1790 1539 1862 Oportuit
1569 1795 1803 1861 primum
1837 1795 1959 1851 Sal-

384 1886 626 1932 vatorem
659 1881 885 1935 erudita:
920 1881 1366 1953 interrogationis
1386 1890 1704 1958 magistrum
1733 1891 1869 1956 fleri,
1901 1902 1960 1947 ut

382 1977 587 2038 postea-
602 1970 1115 2042 interrogationibus
1147 1977 1496 2044 responderet
1513 1980 1670 2049 juxta
1692 1982 1958 2037 rationem

383 2058 500 2124 Dei,
539 2070 703 2131 atque
728 2077 1059 2119 sermonem.
1084 2064 1186 2120 Cui
1226 2077 1308 2124 est
1357 2069 1529 2139 gloria
1577 2081 1632 2126 et
1666 2073 1956 2144 imperium

385 2151 438 2204 in
466 2153 661 2207 saecula
693 2156 1036 2210 saeculorum.
1071 2161 1262 2214 Amen.

945 2269 1233 2328 IlOfillLlA
1261 2275 1380 2330 XX.

384 2355 464 2410 De
482 2373 541 2410 eo
558 2360 697 2440 quod
719 2362 975 2440 scriptum
999 2374 1116 2440 est_:
1145 2385 1161 2414 ι
1197 2367 1444 2440 Qttid‘est
1475 2371 1614 2438 quod
1638 2371 1959 2440 quazrebatis

453 2443 535 2500 me
558 2429 629 2500 .97»
658 2447 816 2500 usque
841 2433 910 2484 ad
931 2449 1048 2486 eum
1073 2429 1242 2487 locum
1267 2437 1355 2489 ubi
1395 2429 1512 2492 ait
1554 2459 1570 2491 ι
1605 2429 1960 2497 Conservabat

458 2495 637 2552 Μανία
661 2495 836 2554 omnia
859 2502 1014 2556 verba
1036 2505 1147 2557 have
1163 2509 1217 2558 in
1239 2506 1393 2561 corde
1415 2525 1532 2564 suo.
1565 2528 1584 2561 ι
1620 2509 1754 2580 Cap.
1793 2527 1853 2566 ll.

455 2609 782 2676 Quzerebant
811 2614 978 2673 Maria
1015 2629 1068 2674 et
1093 2619 1296 2692 Ioseph
1327 2623 1469 2677 inter
1498 2624 1686 2681 amnes
1727 2625 1914 2682 Iesum
1941 2668 1956 2694 ,

383 2710 438 2754 et
479 2719 585 2757 non
631 2707 979 2765 inveniebant
1012 2731 1025 2766 :
1060 2713 1111 2767 in
1143 2716 1426 2780 comitatu,
1459 2726 1512 2770 ct
1554 2715 1800 2773 invenire
1848 2735 1958 2774 non

383 2801 656 2862 poterant.
685 2797 1031 2865 Quaesierunt
1081 2804 1134 2860 in
1191 2809 1429 2879 templo;
1479 2809 1571 2864 sed
1605 2812 1746 2881 apud
1785 2811 1960 2882 magi-

383 2893 551 2951 stros,
581 2898 634 2943 et
660 2890 711 2944 in
742 2895 920 2947 medio
937 2907 1332 2968 praceptorum
1361 2901 1645 2955 inveniunt
1667 2917 1813 2957 eum.
1835 2900 1963 2958 Ubi-

384 2991 600 3046 cunque
629 2984 873 3051 magistri
905 2986 1128 3055 l‘uerint,
1155 2989 1204 3042 in
1238 2989 1416 3044 medio
1451 2992 1837 3061 magistrorum
1871 2993 1958 3048 in-

381 3068 599 3123 venitur
628 3069 786 3128 Iesus
815 3093 828 3129 :
869 3077 914 3130 si
948 3087 1126 3132 tamen
1164 3080 1420 3150 magister
1448 3079 1631 3135 sedeat
1657 3083 1710 3136 in
1734 3082 1956 3152 templo,

382 3165 437 3209 et
463 3172 738 3250 nunquam
783 3163 1091 3233 egrediatur
1111 3183 1173 3220 ex
1208 3183 1293 3222 eo.
1330 3166 1539 3224 Profuit
1587 3168 1746 3225 Iesus
1789 3172 1962 3241 magi-
1987 3189 2030 3250 ο

382 3247 512 3302 stris
539 3251 676 3314 suis,
710 3262 762 3306 et
791 3268 886 3309 eos
907 3273 1044 3325 quos
1073 3260 1406 3330 interrogare
1437 3261 1741 3328 videbatur,
1770 3262 1959 3318 docuit

383 3340 437 3392 in
476 3343 651 3396 medio
680 3358 870 3399 eorum
905 3347 1155 3417 loquens,
1179 3359 1234 3404 et
1275 3353 1675 3421 quodammodo
1716 3355 1959 3410 concita-

383 3430 476 3483 bat
523 3446 617 3486 eos
665 3433 730 3486 ad
763 3441 1079 3505 qnterenda,
1132 3457 1253 3510 qua:
1289 3459 1463 3512 usque
1486 3445 1550 3498 ad
1584 3444 1635 3498 id
1669 3446 1912 3500 locorum
1940 3486 1956 3512 ,

385 3531 566 3576 utrum
601 3525 822 3594 scirent,
869 3544 938 3583 an
971 3531 1302 3601 ignorarent,
1338 3552 1500 3591 nosse
1529 3553 1636 3591 non
1679 3547 1956 3607 poterant.

382 3612 665 3672 Invenitur
689 3616 848 3674 Iesus
881 3621 931 3674 in
967 3624 1145 3678 medio
1172 3627 1584 3695 magistrorum,
1617 3636 1672 3683 et
1702 3626 1956 3683 inventus

386 3705 520 3760 dicit
546 3709 932 3776 quaesitoribus
959 3712 1073 3767 suis
1105 3732 1118 3769 :
1176 3713 1316 3781 Quid
1352 3730 1428 3769 est
1472 3718 1597 3788 quia
1638 3718 1954 3787 qurerebatis

383 3811 466 3849 me
482 3798 508 3849 .9
533 3795 860 3856 Nesciebatis
882 3805 1005 3872 quia
1029 3805 1076 3857 in
1099 3805 1178 3859 his
1201 3819 1319 3872 qua:
1337 3817 1459 3861 sunt
1487 3807 1663 3862 Patris
1689 3810 1790 3863 mei
1810 3827 1957 3878 apor-

384 3895 455 3941 tet
481 3906 560 3943 me
583 3907 692 3946 esse
715 3891 742 3946 .’
767 3894 882 3964 (55)
920 3893 1160 3950 Primum
1182 3899 1500 3968 simpliciter
1538 3900 1832 3956 sentientes
1861 3917 1953 3954 ar-

382 3995 596 4035 memur
625 3982 885 4042 adversus
921 3987 1118 4057 impios
1147 3989 1428 4044 haereticos
1448 4031 1462 4054 ,
1505 3992 1597 4060 qui
1626 3990 1814 4046 dicunt
1844 4008 1952 4046 non

382 4084 505 4123 esse
534 4068 884 4128 Conditorem
912 4073 1126 4131 Patrem
1154 4078 1356 4132 Christi
1379 4077 1529 4141 Iesu,
1563 4096 1738 4150 neque
1781 4080 1950 4135 Deum

385 4155 542 4228 legis,
570 4161 663 4216 sed
689 4179 788 4219 nec
810 4166 1215 4234 prophetarum.
1255 4167 1393 4224 Ecce
1431 4166 1614 4234 Pater,
1639 4168 1784 4227 Deus
1815 4181 1952 4227 tem-

382 4252 458 4320 pli
486 4256 768 4310 asseritur.
800 4257 1136 4314 Erubescant
1164 4257 1522 4317 Valentiniani
1554 4265 1838 4321 audientes
1867 4264 1958 4322 Ie-

383 4357 507 4399 sum
536 4339 869 4416 inquicntem
906 4367 919 4402 :
964 4346 1028 4403 In
1065 4351 1146 4404 his
1169 4368 1286 4421 qua:
1316 4361 1439 4407 sunt
1467 4352 1649 4410 Patris
1675 4357 1777 4411 mei
1800 4373 1956 4428 opor-

450 4510 497 4542 ”
528 4505 718 4567 Matth.
741 4525 902 4582 χχιιι,
935 4513 1023 4568 58.
1102 4514 1147 4548 “
1181 4514 1371 4574 Matth.
1404 4535 1538 4576 xvn.

2062 598 2261 668 gelium
2303 597 2570 666 recipiunt
2599 598 2897 653 secundum
2928 597 3128 653 Lucam
3153 640 3167 664 ,
3202 607 3255 652 et
3303 615 3423 668 quia;
3458 600 3514 654 in
3568 617 3639 656 eo

2060 697 2189 745 sunt
2225 689 2424 758 scripta
2451 697 2826 744 contemnunt.
2859 689 3006 752 llaec,
3041 699 3099 743 ut
3128 689 3280 757 dixi,
3316 691 3422 744 sint
3473 692 3637 746 intel-

2060 781 2196 835 lecta
2225 780 2546 850 simplicius.
2574 779 2843 846 Quoniam
2868 795 2998 833 vero
3025 778 3258 833 infertur
3290 797 3302 832 :
3332 779 3498 850 956
3522 778 3637 848 Ipsi

2060 884 2237 927 autem
2266 891 2366 927 non
2391 873 2760 928 intellexerunt
2781 887 3071 925 sermonem
3091 911 3107 936 ,
3141 887 3362 927 sensum
3393 871 3641 941 Scriptu-

2059 981 2134 1020 rze
2161 967 2475 1036 diligentius
2503 965 2850 1028 ventilemns,
2885 964 2928 1018 si
2949 970 3103 1017 erant
3123 965 3274 1019 stulti
3300 973 3352 1018 et
3382 964 3640 1033 insipien-

2058 1068 2160 1118 tes,
2196 1064 2254 1108 ut
2282 1055 2553 1110 nescirent
2576 1055 2704 1124 quid
2728 1055 2950 1117 diceret,
2974 1055 3102 1125 quia
3133 1053 3236 1108 hoc
3261 1053 3404 1124 quod
3428 1053 3502 1107 ait
3530 1053 3638 1109 ειη

2059 1131 2140 1200 his
2163 1163 2280 1217 qua:
2300 1158 2422 1200 sunt
2445 1145 2626 1199 Patris
2649 1147 2772 1213 mei,
2794 1163 2874 1199 me
2895 1163 3004 1200 esse
3027 1155 3230 1214 oportet
3251 1185 3266 1208 .
3308 1145 3642 1216 signiﬁcaret

2060 1238 2114 1292 in
2141 1237 2375 1308 templo,
2435 1253 2502 1291 an
2546 1237 2689 1292 aliud
2749 1237 3007 1307 quiddam
3037 1237 3200 1292 altius
3230 1238 3532 1308 significet,
3581 1250 3641 1294 et

2059 1333 2201 1401 quod
2229 1331 2402 1401 magis
2419 1331 2956 1387 tediticetaudientes.
2980 1329 3365 1401 Unusquisque
3389 1342 3636 1388 nostrum

2060 1425 2104 1479 si
2132 1424 2310 1479 bonus
2343 1423 2504 1478 fuerit
2527 1434 2690 1494 atque
2717 1423 3010 1494 perfectus,
3034 1424 3308 1493 possessio
3345 1423 3434 1478 Dei
3460 1424 3640 1481 Patris

2060 1523 2143 1571 cst
2179 1555 2193 1580 ,
2217 1525 2270 1570 et
2298 1515 2459 1570 habet
2486 1515 2539 1568 in
2565 1516 2744 1570 medio
2773 1515 2856 1570 sui
2879 1513 3087 1570 Iesum.
3121 1515 3640 1587 Credamusquippc

2060 1608 2260 1664 dicenti
2291 1627 2303 1662 :
2332 1606 2596 1673 Quoniam
2621 1609 2677 1662 in
2717 1608 2798 1661 his
2841 1625 2960 1677 qua:
2997 1615 3118 1659 sunt
3161 1606 3342 1662 Patris
3386 1610 3486 1660 mei
3508 1651 3522 1677 ,
3556 1626 3642 1663 me

2060 1711 2260 1772 oportet
2283 1718 2414 1756 esse.
2453 1700 2620 1771 Magis
2654 1701 2974 1754 rationabile
2998 1709 3162 1769 atque
3192 1699 3408 1766 vivens,
3439 1705 3493 1752 et
3547 1712 3638 1753 ve-

2061 1810 2182 1848 rum
2213 1793 2470 1862 templum
2518 1792 2611 1846 Dei
2656 1793 2759 1846 hoc
2791 1807 2913 1846 esse
2970 1791 3222 1861 suspicor
3247 1830 3261 1855 ,
3304 1807 3468 1861 quam
3505 1792 3636 1848 illud

2060 1884 2203 1955 quod
2261 1884 2436 1955 typice
2465 1892 2681 1938 terreno
2734 1898 2894 1952 opere
2929 1891 3305 1937 constructum
3340 1891 3444 1936 est.
3484 1879 3640 1936 Unde

2061 1977 2153 2030 illo
2184 1976 2235 2029 in
2269 1975 2488 2044 templo,
2525 1983 2583 2027 ut
2609 1974 2785 2045 typice
2819 1973 2942 2035 fuit,
2975 1975 3046 2028 ita
3075 1973 3304 2030 recessit
3331 1981 3386 2027 et
3435 1974 3633 2044 typice.

2061 2067 2327 2138 Egressus
2355 2075 2437 2120 est
2463 2065 2606 2120 enim
2636 2066 2701 2120 de
2726 2067 2925 2134 templo
2951 2075 3171 2120 terreno
3188 2066 3376 2119 dicens
3395 2066 3472 2118 "z
3503 2064 3638 2117 Ecce

2061 2156 2384 2226 relinquetur
2405 2156 2545 2208 vobis
2566 2155 2752 2208 domus
2779 2164 2948 2209 vestra
2973 2155 3202 2222 deserta,
3239 2163 3291 2208 et
3327 2155 3636 2224 relinquens

2061 2248 2282 2302 domum
2319 2247 2464 2301 illam
2493 2247 2640 2301 venit
2666 2247 2733 2300 ad
2777 2247 3176 2316 possessionem
3227 2245 3318 2299 Dei
3349 2243 3542 2306 Patris,
3566 2244 3638 2297 ad

2063 2339 2332 2396 Eeclesias
2363 2340 2417 2392 in
2448 2347 2563 2393 toto
2597 2339 2730 2393 orbe
2777 2336 3077 2407 dispersas,
3128 2347 3182 2391 et
3221 2337 3394 2392 dicit:
3439 2335 3501 2388 In
3553 2336 3636 2389 his

2047 2448 2164 2504 qua!
2185 2439 2306 2485 sunt
2329 2427 2506 2483 Patris
2537 2429 2659 2496 mei,
2686 2445 2764 2482 me
2787 2439 2985 2498 oportet
3025 2445 3157 2483 esse.
3189 2427 3340 2484 Tunc
3361 2443 3490 2497 ergo
3522 2443 3635 2480 non

2062 2522 2443 2577 intellexerunt
2469 2521 2714 2587 verbum,
2750 2522 2894 2590 quod
2942 2521 3158 2575 locutus
3207 2528 3289 2574 est
3323 2520 3419 2573 eis.
3453 2517 3632 2571 Simul

2059 2625 2114 2670 et
2158 2613 2282 2666 illud
2336 2611 2635 2678 attendite,
2687 2612 2830 2682 quod
2882 2612 3125 2682 quandiu
3184 2611 3238 2664 in
3286 2611 3632 2681 possessione

2061 2705 2235 2760 Patris
2263 2705 2347 2759 sui
2380 2703 2482 2758 fuit
2511 2719 2730 2759 sursum
2762 2714 2898 2770 erat,
2923 2704 3051 2775 quia
3083 2705 3310 2758 necdum
3344 2703 3554 2773 plenam
3579 2702 3638 2757 li-

2062 2797 2181 2852 dcm
2199 2796 2396 2866 Ioseph
2419 2806 2471 2850 et
2493 2795 2608 2867 (54)
2625 2794 2788 2849 Maria
2809 2789 3097 2856 habebant,
3112 2804 3394 2865 propterea
3416 2810 3634 2849 sursum

2059 2905 2182 2945 cum
2211 2902 2275 2943 eo
2315 2903 2536 2943 manere
2579 2903 2686 2951 non
2719 2896 3006 2956 poterant:
3052 2887 3145 2944 sed
3175 2887 3374 2942 dicitur
3404 2887 3634 2942 descen—

2060 2981 2209 3037 disse
2243 2995 2365 3035 cum
2395 2980 2493 3035 eis.
2523 2979 2730 3034 Crebro
2757 2978 2913 3034 Iesus
2935 2978 3213 3035 descendit
3239 2995 3363 3033 cum
3396 2979 3638 3049 discipu-

2061 3072 2128 3128 lis
2159 3071 2296 3135 snis,
2334 3085 2436 3125 nec
2466 3085 2682 3140 semper
2707 3078 2954 3124 versatur
2983 3070 3037 3124 in
3066 3080 3270 3135 monte,
3307 3085 3407 3126 nec
3429 3071 3640 3141 absque

2067 3163 2169 3218 line
2207 3163 2462 3218 sublimia
2508 3170 2670 3216 tenet.
2717 3159 2773 3214 ln
2803 3173 2990 3218 monte
3032 3177 3156 3216 cum
3187 3160 3350 3215 Petro
3378 3173 3486 3226 est,
3511 3177 3641 3216 cum

2064 3250 2288 3316 Iacobo,
2321 3267 2443 3308 cum
2482 3251 2711 3316 Ioanne,
2746 3262 2800 3307 et
2838 3268 3054 3307 rursum
3100 3253 3153 3306 in
3199 3253 3306 3306 alio
3345 3253 3465 3306 loco
3504 3269 3628 3306 cum

2063 3345 2273 3402 cteterls
2303 3343 2583 3413 discipulis
2605 3343 2670 3397 '°.
2693 3343 2865 3398 Porro
2897 3344 3022 3413 quia
3059 3359 3165 3398 non
3183 3345 3436 3398 valebant
3462 3344 3514 3397 hi
3536 3344 3631 3413 qui

2065 3436 2230 3490 variis
2259 3435 2707 3506 :egrotationibns
2750 3434 3089 3498 laborabant,
3127 3436 3182 3488 in
3221 3443 3462 3488 montem
3491 3449 3623 3488 con-

2067 3527 2349 3589 scendere,
2397 3525 2602 3580 idcirco
2647 3526 2946 3590 descendit,
2997 3534 3052 3580 et
3095 3527 3242 3580 venit
3287 3527 3355 3580 ad
3405 3541 3500 3582 eos
3543 3527 3640 3596 qui

2065 3618 2320 3672 deorsum
2349 3625 2524 3672 erant.
2567 3615 2722 3672 Nunc
2755 3633 2972 3687 quoque
3019 3618 3276 3672 scribitur
3307 3637 3324 3672 :
3362 3617 3637 3672 Descendit

2063 3721 2180 3760 cum
2207 3708 2305 3772 eis,
2330 3716 2378 3760 et
2406 3708 2541 3761 venit
2584 3707 2855 3761 Nazareth
2893 3708 3028 3778 (55),
3056 3717 3105 3760 et
3129 3709 3511 3776 subjicicbatur
3541 3711 3636 3764 eis.

2064 3797 2371 3863 Discamus,
2411 3798 2528 3863 lilii,
2571 3799 2800 3868 subjecti
2849 3814 2970 3854 esse
3015 3800 3334 3869 parentibus
3382 3801 3584 3856 nostris
3619 3819 3638 3855 :

2064 3889 2241 3958 major
2271 3890 2469 3943 minori
2502 3890 2809 3959 subjicitur.
2835 3887 2967 3945 Nam
2993 3891 3122 3960 quia
3153 3891 3412 3961 majorem
3437 3890 3640 3962 Ioseph

2063 3983 2279 4038 videbat
2316 3992 2496 4048 aetate,
2537 3993 2822 4052 propterea
2865 3998 2989 4038 eum
3032 3985 3272 4053 parentis
3307 3984 3513 4038 honore
3545 4001 3640 4039 co-

2067 4078 2186 4144 luit,
2236 4076 2490 4130 omnibus
2539 4075 2663 4130 [iliis
2710 4077 3016 4146 exemplum
3056 4077 3321 4141 tribuens,
3358 4087 3416 4131 ut
3464 4077 3640 4145 subji—

2067 4169 2281 4223 ciantur
2311 4167 2646 4236 parentibus.
2677 4167 2832 4232 Quod
2870 4169 2914 4222 si
2949 4177 3132 4237 patres
3172 4168 3238 4222 iis
3270 4183 3376 4221 non
3411 4167 3638 4231 fuerint,

2065 4261 2433 4330 subjiciuntur
2470 4259 2554 4314 his
2593 4258 2686 4328 qui
2730 4267 2944 4328 patrum
2989 4269 3199 4314 aetatem
3231 4258 3454 4312 habent.
3491 4258 3635 4325 Quid

2063 4356 2258 4425 loquar
2302 4354 2368 4409 de
2410 4352 2724 4425 parentibus
2771 4362 2826 4408 et
2861 4353 3024 4409 llliis?
3055 4353 3109 4408 Si
3155 4351 3314 4410 Iesus
3341 4353 3510 4407 Filius
3537 4352 3636 4408 Dei

453 4651 566 4734 (δῦ)
593 4651 1092 4734 Εωιξιηιλειειιθιξτεε-
1109 4657 1372 4734 Ἐνςταῦθᾳ
1396 4659 1446 4734 οἱ
1468 4660 1950 4734 ᾁπδῼραλεντίνου

2061 4664 2256 4722 Recole
2299 4677 2424 4734 quas
2471 4661 2924 4734 laudatisilocis,
2982 4662 3052 4718 ad
3100 4661 3494 4734 retundendam
3543 4676 3638 4734 ca-

378 4721 667 4807 ltxpdou'cac
689 4725 778 4807 6st
801 4722 1037 4807 95063131
1069 4728 1097 4779 6
1120 4728 1250 4807 3:16;
1280 4729 1374 4782 καὶ
1401 4725 1469 4802 ἦν
1495 4733 1555 4807 ev
1585 4731 1734 4797 ἰδίοις
1758 4736 1785 4787 6
1817 4737 1955 4807 Xpt-

379 4791 712 4883 gabi,_6‘xot‘t
745 4795 910 4883 nouat
943 4791 1029 4849 διὰ
1054 4796 1147 4850 τοῦ
1182 4791 1346 4883 νόμου
1378 4791 1741 4883 γραφρμμξνοξ,
1767 4791 1956 4883 statim;

377 4860 438 4912 ἐν
469 4865 646 4940 σκιαῖς
687 4867 783 4940 κα)
820 4867 1010 4940 curret;
1047 4860 1453 4940 μορφοῦμενοξ,
1483 4860 1838 4928 οἱίέείσθῶσαν
1871 4860 1959 4929 xtl

379 4944 586 5016 'r’ozyag,
611 4934 818 5016 εἶξοοὺχ
848 4939 888 5016 6
909 4934 1404 5016 6nptoupfég,:ob§s
1427 4945 1455 4994 6
1484 4943 1614 5016 956;
1636 4943 1734 5016 ςοῦ
1769 4945 1954 5016 νόμου,

377 4998 500 5084 εὐδὲ
543 4999 749 5084 6-856;
787 4998 890 5084 ’ἑοῦ
945 4998 1123 5084 vitai};
1156 4998 1310 5072 οἶτος
1360 5012 1507 5064 ἐστιν
1550 4998 1844 5084 ὁνηατὴῇ
1864 4998 1957 5068 mf;

379 5069 638 5153 ξζρισςτοῦ.
674 5073 938 5153 lloc_loco
983 5069 1642 5153 Valentiniani_andicntcs
1677 5069 1959 5153 Deiufuisce

381 5141 662 5222 temp/unt,
693 5157 743 5198 et
787 5147 842 5198 in
888 5149 1114 5222 propriis
1149 5149 1313 5217 fuisse
1344 5149 1614 5206 Christum
1637 5141 1806 5222 quem.
1831 5156 1961 5209 olim

378 5207 465 5262 lca:
486 5207 849 5293 praedixerat,
884 5207 1075 5293 quique
1110 5207 1360 5293 tanquam
1403 5223 1454 5274 iu
1498 5207 1696 5277 umbris
1729 5241 1794 5276 ac
1825 5207 1960 5293 typis

379 5288 890 5362 repraesentabatur,
932 5288 1238 5362 eruhescant
1268 5291 1474 5362 dicere,
1516 5309 1695 5362 neque
1719 5288 1960 5345 eonditm

380 5365 489 5403 rem
509 5356 906 5430 ,‘ncqtce_1)e_um
945 5359 1074 5427 legis
1095 5399 1109 5423 ,
1137 5375 1299 5430 neque
1333 5360 1507 5414 ﬂeam
1528 5356 1717 5430 templi
1751 5363 1963 5417 Patrem

378 5435 489 5474 csse
527 5423 748 5479 Christi.
789 5423 1010 5483 Remus:

453 5495 566 5571 (54)
595 5493 815 5571 ,νει-ιιιηῄ
843 5507 928 5552 est
957 5497 1117 5571 adeo,
1147 5499 1203 5553 in
1223 5499 1290 5571 VS.
1323 5499 1596 5570 Virginem
1631 5502 1957 5571 injuriosum

377 5573 500 5616 esse.
529 5564 937 5641 Adamantium.
973 5567 1148 5634 Quam
1179 5570 1394 5624 dixerat
1418 5564 1595 5641 supra
1630 5564 1817 5628 homiL
1870 5575 1955 5638 14,

381 5635 702 5752 purgatione
730 5637 1050 5706 indiguisse,
1086 5647 1141 5691 et
1165 5649 1352 5708 postea
1378 5635 1568 5696 hom-il.
1603 5643 1691 5707 i7,
1720 5635 1949 5696 scanda4

406 5718 493 5752 lllll
526 5719 738 5752 nassam
771 5706 1275 5752 dithilntimmmmm
1300 5712 1366 5752 Α.)
1397 5710 1531 5752 Fili"
1562 5730 1574 5742 -
1608 5729 1751 5752 nnnp
1786 5714 1949 5752 Innltn

406 5718 493 5754 um
526 5719 738 5775 passam
771 5706 1275 5775 dubitationemque
1300 5712 1366 5762 de
1397 5710 1531 5766 Filio
1561 5730 1574 5765 :
1608 5706 1752 5765 nunc
1786 5714 1957 5766 multo

382 5774 646 5827 audacius
698 5773 1092 5830 incredulitatis
1146 5773 1366 5833 accusat
1413 5791 1507 5834 aut
1551 5783 1760 5850 exiguae
1812 5784 1952 5836 Iidei.

2061 4731 2334 4790 lumniam
2361 4749 2426 4788 ac
2453 4733 2836 4802 vindicandam
2871 4733 2941 4786 ab
2973 4734 3122 4788 omni
3154 4733 3364 4802 peccati
3394 4733 3517 4787 labe
3543 4731 3641 4787 Dei

2059 4806 2308 4870 Matrem,
2337 4804 2597 4858 diximus.
2639 4801 2796 4857 Nunc
2823 4803 2867 4856 si
2901 4803 3036 4857 tanti
3066 4801 3245 4857 estad
3265 4804 3637 4857 excusandum

2059 4877 2370 4944 Origencm,
2397 4873 2536 4927 Sixti
2567 4871 2827 4928 Senensis
2860 4873 2954 4944 lib.
2984 4890 3012 4926 ν
3049 4873 3397 4944 Bibliothecte
3415 4873 3638 4928 adnota-

2063 4943 2265 5000 tionem
2301 4945 2404 4997 HO
2439 4945 2849 5012 subneetamus.
2884 4943 3052 5008 Puto,
3099 4944 3311 5012 inquit,
3366 4943 3639 5012 Origenem

2063 5015 2310 5070 vocabulo
2332 5013 2498 5082 plena:
2527 5013 2674 5081 fidei,
2699 5011 3020 5067 intellexisse
3045 5011 3256 5081 plenam
3295 5011 3639 5083 cognitionem

2063 5087 2298 5140 omnium
2330 5081 2698 5140 inusteriorum
2718 5083 3011 5136 divinitatis
3039 5094 3086 5137 et
3110 5081 3464 5137 humanitatis
3487 5081 3638 5136 Chri-

2065 5157 2156 5220 sti,
2178 5170 2338 5224 quam
2362 5151 2536 5206 Maria
2585 5151 2739 5223 Virgo
2781 5155 3098 5224 nondumgeo
3140 5164 3366 5224 tempore
3396 5152 3639 5218 habebat,

2063 5222 2302 5294 quamvis
2330 5239 2396 5276 ea
2431 5224 2609 5275 omnia
2639 5222 2756 5290 qua:
2777 5232 2893 5275 tum
2916 5223 2980 5276 de
3005 5222 3222 5281 Christo
3244 5222 3496 5288 noverat,
3528 5238 3638 5275 cer-

2064 5297 2276 5348 tissima
2298 5303 2344 5345 et
2372 5297 2681 5346 inconcussa
2703 5294 2810 5362 ﬁde
2833 5303 3046 5362 teneret.

2139 5366 2250 5431 (55)
2293 5363 2522 5435 Battleur
2557 5361 2772 5435 scheda:
2811 5379 2824 5414 :
2868 5364 2984 5418 Καὶ
3023 5361 3103 5435 ἦν
3143 5364 3638 5435 ὑποτασσόμενος

2065 5435 2287 5500 αὐτοῖς.
2304 5433 2416 5506 Δ.Δᾷιά
2437 5434 2593 5487 τοῦτο
2614 5435 2674 5488 δὲ
2692 5431 2758 5505 ἦν
2781 5431 3221 5506 ὑποτασσόμενος
3245 5436 3446 5506 αὐτοῖς,
3470 5432 3636 5506 napa-

2065 5507 2267 5574 δειγμα.
2297 5503 2472 5566 διδοὺς
2511 5507 2645 5575 πᾶσι
2671 5503 2785 5568 τοῖς
2813 5507 2947 5567 υἱοῖς
2965 5545 2979 5568 ,
3012 5503 3097 5559 ἴνξι
3125 5505 3326 5575 τιμῶσι
3351 5505 3478 5567 τοὺς
3512 5503 3638 5575 ἑαν-

2064 5576 2170 5628 τῶν
2202 5577 2401 5642 γονεῖς,
2448 5574 2542 5627 καὶ
2572 5575 2981 5629 ὑποτάσσωνται
3008 5574 3208 5638 αὑτοῖςί.
3244 5574 3310 5628 Et
3344 5585 3469 5628 erat
3510 5574 3637 5628 sub~

2060 5648 2211 5698 «litus
2236 5646 2363 5698 illis.
2393 5644 2676 5713 Propterea
2710 5657 2824 5698 erat
2852 5646 3092 5698 subditus
3114 5645 3249 5708 illis,
3289 5644 3531 5697 omnibus
3571 5642 3637 5708 ﬁ-

2063 5716 2150 5785 liis
2184 5715 2316 5785 dans
2343 5715 2665 5780 ementplum.
2699 5726 2755 5768 ut
2783 5727 3020 5782 parentes
3051 5715 3246 5769 honore
3276 5715 3506 5785 aﬂiciaut
3526 5753 3542 5781 ,
3587 5721 3634 5764 et

2062 5781 2134 5838 cis
2167 5784 2533 5852 subjiciuntur.
2571 5781 2788 5839 luteus.
