4084 6302
431 405 573 461 1855

1899 380 2227 453 ORIGENIS
2276 422 2281 427 -

3560 390 3723 450 i856

379 547 399 599 γ
428 538 594 591 quam
625 521 746 593 ejus
785 534 907 589 quae
934 516 1098 571 habet
1125 514 1302 570 virum
1329 515 1378 547 “
1409 531 1425 570 :
1462 515 1667 571 idcirco
1694 514 1894 571 factum
1931 523 2014 571 est
2042 521 2090 577 Α
2118 513 2292 581 Quam
2333 512 2474 566 viam
2510 510 2742 565 Domino
2768 507 3193 581 praeparemus?
3215 504 3477 577 Nunquid
3505 523 3708 575 carpo.

428 615 650 669 verbum
680 612 773 666 Dei
804 610 869 665 ad
894 607 1161 663 Joannem
1192 606 1361 661 tilium
1389 603 1666 662 Zacharia:
1690 608 1744 663 in
1775 608 2010 663 deserto.

433 705 717 774 Simulque
749 699 1032 756 considera
1066 697 1213 768 quod
1258 696 1432 767 magis
1477 697 1739 751 rationem
1774 696 1934 751 habet
1967 695 2014 750 si

433 794 660 867 mystice
711 791 1044 861 intelligatur
1096 790 1397 847 desertum,
1444 797 1496 842 et
1546 804 1653 841 non
1715 788 2012 843 secundum

433 885 737 955 simplicem
792 883 1051 937 litteram.
1086 881 1189 947 Qui
1220 882 1364 935 enim
1396 880 1449 935 iu
1480 881 1698 935 deserto
1736 879 2014 950 praedicat,

428 975 706 1047 superﬂue
732 974 860 1030 facit
890 975 963 1028 ibi
1002 973 1316 1037 vociferari,
1347 973 1436 1026 ubi
1469 988 1528 1027 se
1555 972 1864 1041 loquentem
1893 973 2017 1027 nul-

428 1068 515 1125 ius
557 1064 831 1121 exaudiat.
871 1062 1186 1118 Praecursor
1226 1076 1356 1130 ergo
1407 1060 1632 1123 Christi,
1663 1068 1718 1113 et
1760 1074 1866 1114 vox
1899 1059 2014 1114 cla-

431 1156 637 1212 mantis
663 1155 717 1208 in
755 1155 995 1219 deserto,
1020 1151 1278 1223 praedicat
1322 1150 1375 1203 in
1405 1150 1620 1207 deserto
1651 1149 1867 1211 animae,
1894 1163 2018 1219 qua:

429 1264 537 1302 non
568 1247 800 1302 habebat
837 1258 1046 1314 pacem.
1089 1239 1209 1296 Non
1256 1241 1434 1296 solum
1487 1248 1667 1294 autem
1718 1247 1878 1304 tunc,
1921 1239 2018 1294 sed

429 1349 487 1394 et
525 1340 578 1393 in
621 1337 878 1409 praesenti
923 1336 1161 1405 primum
1212 1335 1436 1388 lucerna
1480 1334 1677 1387 ardens
1725 1341 1780 1386 et
1828 1332 2018 1388 lucens

431 1431 600 1497 venit,
630 1440 685 1486 et
708 1428 1036 1501 praedicabat
1063 1426 1333 1495 baptisma
1358 1424 1715 1495 paenitentiae,
1737 1423 1792 1477 in
1826 1423 2019 1478 remis-

430 1520 643 1576 sionem
678 1525 1028 1589 peccatorum
1064 1535 1078 1570 :
1111 1514 1309 1570 deinde
1339 1515 1431 1568 lux
1477 1529 1604 1568 vera
1633 1513 2015 1583 subsequitur,

429 1611 653 1682 quando
687 1610 913 1664 lucerna
958 1609 1079 1678 ipsa
1119 1605 1365 1675 loquitur
1397 1624 1411 1659 :
1452 1604 1620 1659 Illum
1657 1613 1861 1674 oportet
1904 1596 2018 1658 cre-

431 1720 594 1770 scere,
623 1720 703 1757 me
721 1712 899 1756 autem
915 1701 1143 1754 minui"
1159 1699 1272 1771 (58)
1294 1718 1308 1753 :
1329 1696 1414 1752 Fit
1436 1698 1661 1753 verbum
1698 1699 1751 1752 in
1778 1698 2017 1764 deserto,

431 1805 487 1850 et
511 1795 659 1850 venit
685 1793 752 1848 ad
789 1782 1005 1847 omnem
1053 1791 1200 1845 circa
1243 1789 1519 1860 regionem
1568 1788 1845 1846 Jortlanis.
1881 1788 2017 1856 Quae

433 1886 579 1940 enim
613 1884 719 1939 alia
760 1884 883 1939 loca
918 1881 1113 1937 debuit
1135 1879 1369 1935 circuire
1402 1878 1671 1950 Baptista,
1702 1881 1808 1936 nisi
1838 1881 2015 1938 vicina
2052 1862 2095 1921 Β

432 1975 711 2039 Jordanis,
751 1984 810 2029 ut
855 1975 1169 2045 quicunque
1209 1972 1512 2028 voluissent
1561 1987 1721 2043 agere
1748 1974 2018 2043 pamiten-

438 2068 592 2135 tiam,
619 2075 816 2137 praesto
841 2073 1027 2122 essent
1057 2063 1125 2118 ad
1158 2064 1434 2118 lavacrum
1468 2064 1667 2134 aquae?
1697 2063 1868 2119 Porro
1896 2063 2019 2119 Jor-

433 2157 704 2228 danis(59)
717 2155 1030 2210 descendens
1049 2154 1457 2224 interpretatur.
1477 2151 1822 2209 Descendens
1835 2162 2016 2209 autent

433 2258 491 2305 et
517 2251 669 2319 largo
699 2248 900 2317 impetu
937 2256 1166 2302 currens
1194 2243 1396 2299 ﬂuvius
1432 2243 1523 2298 Dei
1556 2244 1808 2299 Salvator
1835 2254 2020 2301 noster

439 2341 707 2395 Dominus
756 2349 861 2403 est,
912 2339 966 2392 in
1027 2352 1141 2407 quo
1198 2337 1562 2407 haptizamur.
1593 2335 1769 2402 Quam
1834 2354 2017 2393 veram

434 2449 635 2504 aquam
673 2432 991 2496 salutarem,
1026 2430 1079 2483 in
1105 2428 1487 2484 remissionem
1514 2443 1735 2499 quoque
1771 2443 2022 2500 peccato-

435 2540 559 2581 rum
605 2525 659 2578 in
707 2523 977 2593 baptismo
1022 2522 1280 2593 praedicat
1313 2539 1327 2575 :
1365 2520 1565 2585 venite,
1614 2523 2018 2587 catechumeni,

435 2618 580 2689 agite
626 2617 1024 2688 ptenitentiam,
1060 2617 1202 2672 utin
1241 2614 1623 2669 remissionem
1669 2624 2020 2686 peccatorum

440 2710 709 2778 baptisma
732 2708 1169 2780 consequamini.
1193 2709 1252 2762 In
1272 2706 1649 2763 remissionem
1674 2715 2021 2776 peccatorum

439 2798 532 2853 ille
579 2800 778 2870 accipit
818 2799 1112 2869 baptisma,
1158 2797 1251 2868 qui
1284 2811 1509 2867 peccare
1546 2796 1779 2851 desistit.
1815 2795 1870 2850 Si
1901 2798 2026 2867 quis

436 2890 584 2944 enim
622 2905 855 2959 peccans
885 2891 951 2946 ad
989 2891 1269 2946 lavacrum
1304 2890 1472 2956 venit,
1504 2897 1558 2943 et
1585 2887 1684 2961 [αι.
1719 2886 1792 2960 ei]
1822 2904 1930 2943 non
1968 2891 2026 2945 lit

435 2978 691 3035 remissio
730 2989 1101 3050 peccatorum.
1150 2978 1447 3050 Propterea
1495 2979 1723 3034 obsecro
1765 2996 1899 3047 vos,
1959 2994 2028 3034 ue

438 3072 648 3142 absque
676 3073 889 3128 cautela
919 3081 974 3128 et
1013 3073 1257 3145 diligenti
1290 3074 1777 3142 circumspectione
1821 3075 1890 3128 ad
1934 3075 2027 3128 ba-

2119 603 2304 658 ream?
2351 604 2460 656 Aut
2508 608 2683 671 potest
2725 614 2907 655 sermo
2943 597 3035 653 Dei
3083 598 3178 653 tali
3202 598 3403 653 itinere
3444 605 3715 670 pergere?

2116 693 2199 746 An
2251 691 2582 746 intrinsecus
2628 692 2983 760 praeparanda
3025 697 3109 742 est
3159 687 3408 753 Domino,
3438 687 3493 741 in
3537 690 3710 745 corde

2119 793 2311 840 nostro
2352 791 2500 838 recta
2547 792 2602 837 et
2630 780 2857 850 aequalis
2899 787 3095 834 semita
3136 780 3551 848 componenda?
3577 779 3709 836 Haec

2117 888 2200 934 est
2244 878 2329 931 via
2361 892 2460 947 per
2488 891 2652 947 quam
2694 875 2976 944 ingressus
3017 881 3103 927 est
3139 888 3324 928 sermo
3368 872 3485 940 Dei,
3515 876 3606 944 qui
3644 879 3706 930 in

2120 970 2346 1025 humani
2393 967 2640 1039 corporis
2688 964 2991 1035 capacitate
3034 964 3307 1020 consistit.
3341 964 3589 1036 Magnum
3617 978 3713 1022 est

2118 1076 2214 1116 cor
2247 1060 2507 1124 hominis,
2532 1068 2590 1113 et
2611 1057 2939 1127 spatiosum,
2963 1066 3018 1111 et
3040 1071 3236 1126 capax,
3261 1058 3306 1111 si
3341 1066 3520 1112 tamen
3538 1075 3712 1125 mun-

2119 1152 2248 1206 dum
2292 1152 2475 1206 fuerit.
2524 1149 2619 1204 Vis
2644 1148 2763 1219 ejus
2788 1146 3220 1219 magnitudinem
3251 1148 3713 1221 latitudinemque

2118 1242 2483 1315 cognoscere?
2507 1240 2642 1295 Vide
2672 1248 2930 1310 quantam
2956 1240 3267 1295 divinorum
3303 1256 3560 1296 sensuum
3587 1260 3714 1296 ma-

2120 1337 2457 1409 gnitudinem
2505 1332 2674 1405 958
2721 1333 2921 1402 capiat.
2967 1334 3108 1403 Ipse,
3137 1333 3233 1396 ait,
3268 1333 3416 1387 dedit
3444 1334 3575 1386 mihi
3608 1349 3711 1388 ee-

2120 1444 2265 1491 rum,
2301 1442 2423 1497 qua!
2450 1434 2601 1489 sunt,
2639 1424 2913 1492 notitiam,
2947 1426 3214 1480 rationem
3240 1424 3429 1480 mundi
3454 1425 3614 1491 scire,
3649 1435 3711 1480 ct

2120 1534 2287 1588 opera
2313 1518 2732 1581 elementorum,
2767 1515 3099 1586 principium
3127 1525 3181 1571 et
3206 1518 3369 1571 tinem
3406 1526 3459 1573 et
3502 1520 3711 1575 medie—

2120 1618 2284 1665 tatem
2317 1609 2666 1675 sa'culorum,
2703 1617 3010 1679 temporum
3036 1609 3346 1677 varietates,
3372 1619 3428 1665 et
3467 1613 3706 1667 transla-

2123 1702 2324 1756 tionem
2374 1700 2671 1768 mensium,
2726 1714 2998 1755 annorum
3052 1698 3312 1765 circulos,
3361 1709 3414 1755 et
3462 1702 3707 1757 siderum

2122 1793 2312 1858 sedes,
2360 1802 2587 1849 naturas
2631 1791 2986 1857 animalium,
3032 1798 3085 1845 et
3124 1790 3338 1846 furores
3384 1792 3711 1858 bestiarum,

2121 1884 2412 1953 spirituum
2451 1883 2761 1951 violentias,
2797 1892 2852 1939 et
2882 1882 3243 1953 cogitationes
3278 1882 3583 1949 hominum,
3617 1885 3710 1938 di-

2120 1977 2405 2031 versitates
2471 1977 2772 2040 arborum,
2828 1983 2884 2031 et
2946 1976 3057 2030 vim
3126 1975 3377 2053 radicum
3421 1976 3487 2029 ".
3544 1975 3714 2032 Vides

2119 2082 2229 2122 non
2277 2082 2505 2136 parvum
2563 2082 2686 2123 esse
2735 2082 2831 2122 cor
2879 2067 3161 2135 hominis,
3227 2068 3375 2138 quod
3417 2076 3561 2123 tanta
3605 2083 3710 2122 ca-

2120 2157 2253 2228 piat.
2304 2155 2492 2227 Neque
2548 2156 2605 2211 in
2659 2156 2913 2228 corporis
2957 2158 3286 2228 quantitate,
3333 2159 3426 2214 sed
3458 2159 3510 2212 in
3547 2157 3714 2212 forti-

2124 2247 2311 2305 tudine
2355 2247 2478 2329 ejus
2512 2248 2772 2318 intelligo,
2805 2264 2928 2319 quae
2971 2243 3176 2303 tantam
3215 2249 3496 2304 scientiam
3528 2252 3717 2322 capiat

2123 2338 2380 2394 veritatis.
2424 2337 2492 2393 Ut
2529 2348 2709 2394 autem
2740 2349 2795 2395 et
2836 2342 3112 2413 simplices
3142 2359 3389 2415 quosque
3436 2347 3717 2416 quotidia-

2125 2429 2214 2484 nis
2238 2430 2504 2500 exemplis
2531 2433 2597 2486 ad
2633 2433 2967 2489 credendum
2999 2435 3289 2503 adducam,
3325 2438 3470 2507 quod
3503 2440 3725 2508 grande

2124 2519 2196 2575 sit
2223 2535 2320 2576 cor
2343 2522 2603 2589 hominis,
2623 2522 3312 2598 videamus.;Quascunque
3340 2529 3500 2584 urbes
3526 2538 3715 2585 trans-

2124 2609 2343 2677 ivimus,
2381 2612 2647 2669 habemus
2685 2614 2806 2669 illas
2841 2615 2895 2669 in
2941 2617 3148 2680 animo,
3206 2625 3261 2672 et
3292 2618 3601 2686 qualitates,
3653 2629 3715 2673 et

2125 2700 2267 2757 situs
2314 2703 2640 2772 platearum,
2691 2718 3108 2776 murorumque,
3146 2715 3200 2759 et
3244 2707 3596 2762 aediﬁciorum
3653 2710 3714 2765 in

2127 2796 2293 2852 corde
2316 2806 2510 2854 nostro
2528 2807 2841 2855 versantur.
2871 2798 3025 2854 Viam
3050 2816 3215 2871 quam
3240 2801 3465 2872 ingrcssi
3494 2818 3713 2867 sumus,

2127 2886 2184 2943 in
2229 2888 2508 2944 memoriae
2549 2890 2759 2960 pictura
2810 2906 2875 2946 ac
2922 2891 3288 2961 descriptione
3344 2894 3642 2948 retinemus
3695 2913 3708 2948 :

2128 2994 2283 3035 mare
2308 2981 2456 3051 quod
2484 2982 2862 3053 navigavimus
2894 2984 3058 3038 tacita
3084 2984 3415 3055 cogitatione
3437 2985 3714 3055 amplecti-

2129 3088 2274 3128 mur.
2300 3070 2419 3131 Non
2454 3084 2538 3130 est
2586 3064 2837 3145 parvum,
2874 3084 2935 3130 ut
2979 3077 3113 3140 dixi,
3146 3092 3242 3131 cor
3275 3076 3535 3141 hominis,
3568 3080 3715 3148 quod

438 3164 703 3249 ptismum
750 3165 1007 3230 veniatis,
1063 3166 1155 3221 sed
1193 3165 1494 3221 ostendatis
1527 3166 1760 3236 primum
1812 3165 2025 3221 fructus
2054 3207 2098 3264 c
2132 3173 2309 3235 potest
2334 3174 2482 3221 tanta
2512 3180 2727 3234 capere.
2760 3165 2818 3220 Si
2850 3175 3030 3221 autem
3058 3182 3163 3221 non
3197 3176 3280 3221 est
3305 3183 3535 3237 parvum
3565 3178 3714 3224 tanta

442 3258 637 3328 dignos
667 3257 1020 3326 paenitentiae.
1056 3256 1238 3310 Facite
1270 3257 1477 3328 aliquid
1509 3258 1771 3328 temporis
1805 3259 1860 3314 in
1890 3273 2028 3313 con-

445 3347 761 3403 versatione
802 3347 968 3414 bona,
1014 3347 1248 3402 mundos
1294 3363 1391 3403 vos
1437 3363 1468 3402 a
1514 3352 1727 3405 cunctis
1775 3349 2029 3405 sordibus

444 3436 701 3506 vitiisque
734 3447 946 3492 servate
989 3446 1088 3492 :et
1132 3446 1261 3492 tunc
1305 3438 1459 3493 vobis
1501 3440 1752 3495 remissio
1782 3450 2032 3509 peccato-

446 3544 569 3583 rum
600 3529 711 3594 ﬁet,
745 3529 965 3599 quando
992 3519 1275 3600 'ereperitis
1300 3537 1354 3585 et
1401 3529 1504 3599 ipsi
1548 3530 1770 3602 propria
1810 3540 2031 3600 peccata

447 3628 816 3678 contemnere.
855 3620 1118 3677 Dimittite
1146 3622 1342 3677 delicta
1372 3632 1573 3689 vestra,
1601 3631 1655 3677 et
1688 3622 2032 3677 dimittentur

447 3709 631 3766 vobis.
674 3709 789 3767 Hoc
818 3723 1000 3767 autem
1041 3712 1219 3783 ipsum
1252 3715 1396 3783 quod
1439 3728 1585 3768 nunc
1622 3714 1688 3768 de
1735 3711 1915 3767 Veteri
1944 3713 2030 3767 ln—

449 3810 756 3858 stramento
789 3804 1031 3874 ponitur,
1069 3805 1122 3858 in
1156 3803 1296 3859 lsaia
1341 3806 1604 3875 prOphcta
1651 3805 1910 3874 scriptum
1955 3806 2032 3858 le-

452 3895 658 3964 gimus,
687 3894 760 3948 ibi
784 3894 928 3949 enim
953 3894 1154 3950 dicitur
1182 3913 1196 3948 :
1250 3894 1358 3948 Vox
1384 3894 1667 3949 clamantis
1696 3895 1751 3948 in
1780 3894 1982 3948 deserto
2012 3909 2030 3947 :

454 3986 658 4039 Parate
695 3986 832 4039 uiam
876 3984 1110 4051 Domini,
1143 3995 1314 4040 rectas
1356 3986 1515 4055 facile
1547 3986 1763 4038 semitas
1809 3986 1923 4054 ejus
1962 3986 2028 4039 ⁸⁸.

455 4075 582 4130 Vult
618 4075 880 4130 Dominus
915 4076 968 4130 iu
1013 4076 1169 4131 vobis
1208 4076 1444 4146 reperire
1489 4076 1652 4139 viam,
1682 4084 1738 4130 ttt
1773 4076 1946 4144 possit
1977 4077 2033 4131 in

457 4175 668 4220 vestras
699 4166 913 4221 animas
942 4166 1174 4236 ingredi,
1201 4175 1252 4220 et
1279 4167 1381 4220 iter
1404 4181 1564 4220 suum
1599 4164 1797 4219 facere.
1830 4164 2035 4236 l’rcha-

454 4268 569 4315 rate
596 4258 645 4312 ei
674 4259 946 4321 semitam,
982 4259 1048 4311 de
1076 4273 1182 4326 qua
1212 4258 1411 4312 dicitur
1438 4277 1450 4310 :
1481 4257 1666 4310 Rectus
1699 4258 1854 4327 facite
1877 4260 2034 4312 semi-

455 4359 538 4402 tas
564 4348 725 4414 ejus:
781 4346 892 4399 Vox
946 4345 1227 4399 ciantantis
1267 4347 1320 4399 in
1376 4348 1600 4401 deserto.
1637 4347 1752 4400 Vox
1808 4348 2030 4414 clamat,

455 4448 754 4508 praeparate
786 4438 953 4494 viam.
985 4437 1171 4490 Primo
1199 4441 1343 4492 enim
1390 4452 1493 4491 vox
1527 4438 1592 4493 ad
1632 4454 1795 4492 aures
1839 4454 2031 4509 perve-

2130 3256 2373 3325 capiens,
2406 3265 2808 3326 consequenter
2839 3257 2895 3311 in
2931 3259 3022 3312 illo
3054 3258 3139 3312 via
3175 3256 3391 3313 Domini
3443 3276 3715 3330 praepara-

2131 3356 2238 3412 tur,
2269 3357 2324 3402 et
2357 3358 2503 3417 recta
2552 3348 2613 3403 (it
2652 3351 2867 3416 semita,
2910 3359 2970 3404 ut
3003 3350 3244 3405 ambulet
3290 3350 3343 3404 in
3393 3351 3486 3406 illa
3532 3368 3714 3407 sermo

2131 3436 2226 3492 Dei
2275 3445 2439 3508 atque
2491 3438 2777 3509 sapientia.
2833 3438 3087 3510 Prtepara
3135 3439 3281 3494 viam
3343 3439 3569 3495 Domino
3616 3456 3722 3510 per-

2131 3529 2604 3584 conversationem
2655 3530 2876 3595 bonam,
2912 3540 2967 3585 et
3008 3531 3241 3602 egregiis
3289 3533 3545 3601 operibus
3590 3541 3713 3588 tene

2132 3620 2383 3674 semitam
2419 3638 2433 3675 :
2472 3622 2681 3691 absque
2716 3614 2922 3677 offensa
2950 3624 3056 3677 ulla
3081 3624 3393 3679 deambulet
3419 3625 3475 3678 in
3502 3634 3552 3680 te
3583 3624 3712 3678 Ver-

2132 3709 2261 3762 bum
2296 3707 2414 3774 Dei,
2443 3719 2500 3765 et
2520 3710 2687 3766 donet
2718 3713 2814 3766 tibi
2841 3715 3227 3784 mysteriorum
3255 3729 3481 3769 suorum
3511 3715 3712 3770 adven-

2134 3805 2330 3866 tusque
2362 3799 2632 3854 notitiam.
2675 3799 2776 3855 Cui
2816 3811 2899 3857 est
2931 3802 3102 3872 gloria
3129 3810 3183 3858 et
3219 3803 3505 3874 imperium
3533 3804 3587 3859 in
3616 3818 3713 3862 sa!-

2133 3887 2256 3945 Cula
2291 3888 2635 3944 saeculorum.
2671 3892 2866 3946 Amen.

2681 3999 2963 4056 IlOMlLlA
3006 4001 3178 4059 XXII.

2134 4088 2212 4144 De
2232 4106 2290 4143 eo
2320 4090 2458 4161 quod
2475 4091 2733 4177 scriptam
2758 4103 2832 4147 est
2863 4109 2880 4147 :
2905 4113 2923 4177 ς
2944 4093 3137 4177 ,Οηιιιὶε
3158 4094 3311 4177 valgis
3336 4094 3658 4177 implebitnr,
3683 4115 3705 4149 ι

2209 4176 2370 4230 usque
2398 4161 2485 4243 ,πᾷ
2516 4178 2635 4241 cunt
2664 4162 2836 4241 iocum
2867 4164 2956 4217 ubi
2995 4168 3068 4216 ait
3097 4180 3116 4219 :
3158 4183 3177 4216 ε
3226 4161 3421 4217 Potens
3462 4178 3538 4218 est
3573 4164 3711 4219 Dens

2206 4232 2272 4284 tle
2298 4231 2563 4300 lapidibus
2585 4241 2703 4285 tstts
2725 4235 2983 4288 suscitare
3006 4234 3149 4304 ﬁlios
3173 4235 3416 4288 Abraltw.
3432 4255 3449 4286 ι
3470 4234 3602 4305 Cap.
3629 4253 3707 4290 ιιι.

2213 4342 2510 4399 Videamus
2556 4358 2680 4413 qua:
2723 4344 2778 4397 in
2816 4345 3020 4401 Christi
3072 4346 3427 4418 praediccntur
3452 4348 3708 4412 adventu,

2137 4435 2278 4490 inter
2309 4449 2430 4504 qua:
2460 4435 2697 4504 primum
2742 4436 2808 4490 de
2836 4434 3047 4493 Joanne
3091 4439 3348 4494 scribitur
3395 4456 3409 4493 :
3454 4436 3567 4494 Vox
3599 4438 3713 4494 cla-

452 4531 534 4584 nit
577 4547 591 4584 :
627 4530 821 4584 deinde
868 4538 988 4599 post
1032 4545 1246 4596 vocem,
1285 4530 1394 4583 imo
1437 4545 1560 4584 cum
1604 4545 1754 4595 voce,
1787 4531 2030 4585 auditum
2063 4540 2112 4600 ι)
2138 4526 2334 4579 mantis
2373 4524 2427 4579 in
2456 4525 2662 4579 deserto
2694 4541 2712 4580 :
2755 4525 2953 4580 Parate
2983 4528 3123 4581 viam
3154 4527 3390 4594 Domini,
3421 4539 3590 4582 rectas
3629 4539 3712 4598 ιιι-

452 4634 636 4675 sermo
681 4629 942 4689 penetrat.
981 4616 1142 4674 Juxta
1175 4619 1320 4674 hunc
1355 4634 1576 4673 sensqu
1616 4636 1647 4674 a
1679 4618 1888 4676 Joanne
1926 4637 2029 4676 an-

454 4711 738 4767 nuntiatus
763 4721 847 4767 est
876 4712 1150 4766 Christus.
1193 4710 1482 4766 Videamus
1516 4726 1648 4780 ergo
1672 4712 1801 4781 quid
1832 4728 1934 4768 vox
1961 4713 2029 4768 de

451 4802 619 4858 verbo
669 4803 973 4857 annnntiet.
1007 4801 1337 4873 l’rwparate,
1374 4802 1572 4873 inquit,
1607 4803 1745 4856 viam
1779 4802 2025 4858 Domino.

2137 4619 2237 4675 cite
2278 4617 2494 4671 semitas
2534 4617 2649 4687 ejus
2702 4618 2770 4672 '°.
2807 4617 2872 4675 Et
2903 4618 3050 4688 quod
3092 4621 3341 4690 sequitur
3390 4619 3602 4689 proprie
3646 4621 3712 4674 de

2135 4708 2370 4764 Domino
2399 4706 2684 4765 Salvatore
2714 4720 2817 4765 est.
2844 4708 3031 4780 Neque
3062 4710 3209 4765 enim
3232 4726 3263 4765 a
3294 4709 3507 4765 Joanne
3533 4710 3713 4764 omnis

2135 4801 2289 4857 vallis
2317 4800 2537 4872 impleta
2563 4809 2668 4868 est,
2693 4802 2786 4856 sed
2812 4816 2843 4856 a
2866 4801 3097 4856 Domino
3126 4798 3426 4859 Salvatore.
3460 4798 3710 4871 Seipsuut

521 4945 569 4976 ‘°
594 4942 713 5000 Gal.
738 4960 810 5012 tv,
839 4944 944 5011 27;
973 4945 1075 5003 lsa.
1107 4960 1217 5013 Liv,
1239 4945 1289 5001 1.
1366 4945 1409 4977 δ’
1439 4943 1598 5000 Joan.
1632 4962 1715 5011 ιιι,
1745 4945 1836 5001 50.
1913 4946 1956 4978 ’⁸
1983 4945 2026 5003 Is

2126 4962 2208 5016 ιιι,
2244 4947 2298 5002 5.
2375 4944 2419 4976 ⁸⁸
2457 4941 2585 5015 Sap.
2617 4958 2713 5010 vn,
2745 4942 2833 4998 17.
2909 4942 2956 4974 το
2988 4943 3096 4998 Isa.
3126 4942 3288 5007 xL,3.

453 5107 1237 5180 mysticamconsiderationem.
1258 5107 1401 5180 liam
1416 5111 1666 5180 quoniam
1685 5113 1855 5180 laturi
1874 5122 2030 5169 erant

455 5176 612 5251 inulti
638 5177 740 5246 ﬁlii
762 5179 1004 5251 deserta,
1031 5183 1126 5251 hoc
1147 5190 1246 5243 est,
1274 5176 1528 5235 Eccle'siw
1548 5196 1615 5234 ea;
1639 5176 1900 5251 gentibus,
1922 5200 2028 5236 ma-

454 5249 533 5318 gis
567 5263 726 5320 quam
752 5249 866 5317 ejus
896 5264 1013 5319 quw
1046 5250 1205 5319 legem
1249 5260 1502 5320 tanquam
1530 5249 1701 5320 virent
1731 5252 1904 5317 habet,
1932 5253 2028 5306 hoc

452 5316 556 5383 est,
581 5316 1232 5392 'Judworum‘sgnagogrz,
1261 5316 1551 5392 propterea,
1573 5320 1644 5374 ad
1662 5316 1922 5392 Joannem
1944 5323 2033 5392 fa-

456 5399 599 5443 ctum
620 5399 697 5448 est
719 5390 930 5444 verbum
956 5391 1054 5445 Dei
1081 5393 1137 5445 in
1167 5393 1392 5446 deserto.
1431 5390 1555 5444 Nisi
1583 5392 1723 5445 enim
1744 5391 1840 5445 hoc
1864 5390 1952 5446 ita
1977 5408 2032 5447 se

457 5460 922 5544 haberet,_frustra
954 5462 1371 5544 pradicassetin
1386 5460 1615 5544 deserto.
1642 5459 1861 5539 Romus.

535 5531 647 5595 (58)
688 5527 899 5584 Eadem
945 5527 1157 5586 Schedte
1196 5549 1209 5585 :
1253 5527 1483 5585 'Hlﬂsr
1509 5533 1598 5597 εις
1626 5530 1834 5587 πᾶσαν
1864 5532 2029 5599 περί-

463 5615 656 5671 Impar
696 5600 801 5671 τοῦ
840 5599 1153 5667 Ἰορδάνου.
1184 5600 1292 5654 Ποῦ
1326 5599 1436 5671 γὰρ
1464 5600 1570 5654 ἔδει
1597 5601 1688 5671 [τὸν
1725 5602 2033 5671 Βαπτιστὴν

464 5670 866 5742 περιέρχξσῼαι,
901 5670 934 5739 ἢ
963 5672 1043 5733 εἰς
1066 5670 1165 5742 τὴν
1194 5668 1494 5742 περίχῳρον
1527 5668 1622 5742 τοῦ
1658 5671 1943 5742 Ἰορδάνῳ,
1962 5668 2027 5722 ἰν

464 5737 558 5790 ὲὰν
580 5753 660 5814 τις
689 5737 942 5820 βρύληται
965 5737 1478 5820 μεταέοειῖνίεέξῦέὼς
1508 5737 1790 5811 εὐπορήάῃ
1813 5740 1905 5793 τοῦ
1930 5756 2029 5793 πο·
2077 5776 2084 5783 ς

462 5808 672 5875 nuo-Ta;
711 5808 1067 5879 ἑρμηνεύεται
1093 5809 1149 5861 δὲ
1182 5808 1469 5880 Ἰορδάνης,
1497 5808 1885 5866 καταϐαίίίωιο.
1918 5811 2029 5867 Κα-

2133 5112 2407 5183 ταδαίνῳν
2437 5110 2718 5183 χάρμὲᾳτιν
2751 5108 2967 5183 ἀληβῷς
2996 5111 3025 5162 ὁ
3060 5110 3307 5183 nataui);
3337 5108 3431 5162 τοῦ
3453 5106 3587 5183 θεοῦ
3611 5149 3627 5171 ,
3650 5110 3711 5183 τιὸ

2135 5184 2280 5254 ὕδωρ
2315 5182 2377 5235 τὸ
2426 5177 2731 5254 eadem,
2754 5177 2994 5254 «suam:
3023 5179 3092 5254 fit
3131 5177 3416 5254 σωλτήριογ.
3453 5177 3705 5254 V_enit_in

2135 5248 2353 5308 omnem
2390 5248 2667 5321 regiunent
2699 5248 3142 5321 ‘JordanisLVQua'
3178 5248 3318 5304 enim
3349 5249 3563 5321 decebat
3601 5248 3711 5302 Ba-

2138 5319 2504 5393 ptistarngloea
2539 5337 2855 5393 peragrare,
2899 5320 3001 5373 nisi
3032 5319 3262 5374 Jordani
3291 5320 3544 5393 conﬁnia,
3582 5330 3637 5393 ut
3662 5320 3707 5371 si

2136 5389 2253 5463 quis
2283 5391 2818 5463 vellet_poe_nitentiam
2843 5406 2994 5463 agere
3015 5428 3031 5454 ,
3060 5393 3299 5457 protinus
3323 5389 3474 5463 [lanii
3500 5390 3707 5463 copiam

2133 5459 2388 5516 liabet-et?
2415 5459 2671 5515 Iordanis
2711 5459 2891 5513 autem
2927 5461 3304 5527 interpretatur
3345 5459 3703 5513 descendens.

2131 5531 2411 5654 {)escertdilt
2444 5532 2581 5584 enim
2614 5545 2729 5585 vere
2760 5529 2859 5585 Dei
2879 5530 3094 5599 ﬂuvius,
3119 5546 3258 5598 aqua
3279 5543 3421 5594 uera,
3456 5542 3595 5599 aqua
3620 5544 3682 5580 sa

2154 5611 2341 5654 utaris.
2407 5616 2456 5654 o.

2154 5603 2341 5654 utaris.
2382 5603 2456 5654 lo.

2207 5672 2319 5740 (59)
2353 5669 2417 5723 Et
2457 5685 2583 5723 vero
2624 5669 2675 5724 in
2708 5667 3019 5739 Origenian.
3060 5667 3276 5740 Lexico”
3304 5666 3625 5740 κατάϐασις.
3654 5667 3704 5722 id

2134 5737 2533 5866 fst'desfensio,
2567 5737 2971 5810 interpretatur,
3010 5754 3131 5809 qua:
3162 5747 3218 5794 et
3246 5737 3460 5795 Phil‘oni
3492 5745 3695 5807 etymo-

2155 5826 2273 5866 oata
2303 5827 2334 5866 ιι
2359 5819 2521 5866 acuit.

2155 5826 2273 5881 egra
2302 5819 2521 5881 placutt.
