4084 6302
371 305 504 359 1837

1568 295 1631 349 ΙΝ
1666 293 1901 350 LL'CAM
1940 287 2224 345 llOMlLlA
2265 285 2430 342 XXII.

3497 294 3633 348 l8."8

369 417 741 486 unusquisque
769 414 1088 473 consideret,
1118 399 1246 476 quis
1277 418 1396 463 erat
1437 419 1727 480 antequam
1761 405 1949 462 credc-
1979 408 2022 464 Α
2055 401 2156 455 bus
2189 400 2254 454 ad
2287 399 2614 470 baptismum
2641 397 2880 455 Juannes
2913 401 3188 471 loquitur,
3218 403 3626 464 attendendum.

369 517 451 561 ret
487 527 499 562 :
533 518 663 563 tunc
691 507 1104 570 auimadvertet,
1139 497 1336 554 vallem
1365 503 1649 563 humilem,
1675 504 1866 556 vallem
1892 515 1950 555 se

369 601 539 654 {uisse
579 598 907 669 praecipitem
945 598 996 651 in
1030 597 1136 650 ima
1175 591 1506 648 demersam.
1541 593 1772 659 Quando
1801 593 1949 646 venit

374 691 635 744 huntinus
677 689 858 751 Jesus,
911 697 964 741 et
996 687 1147 741 misit
1197 684 1460 755 Spiritum
1504 696 1753 741 sanetum
1801 687 1949 740 vica-

369 781 511 834 rium
569 793 752 844 suum,
802 776 961 831 vallis
999 776 1179 831 onmis
1226 776 1439 846 expleta
1474 785 1577 830 est.
1610 775 1836 845 Expleta
1865 785 1950 832 est

367 877 548 924 autem
584 867 843 937 operibus
883 866 1044 922 bonis
1081 875 1135 920 et
1168 866 1438 922 fructibus
1473 866 1710 937 Spiritus
1746 868 1942 922 sancti.

365 961 618 1014 Charitas
668 974 778 1014 non
817 957 948 1013 sinit
994 972 1312 1028 permanere
1353 968 1406 1013 te
1448 959 1664 1014 vallem.
1711 959 1866 1026 Quod
1900 959 1945 1014 si

367 1067 553 1121 pacem
608 1050 864 1105 habueris
905 1058 960 1105 et
1006 1049 1326 1119 sapientiam
1370 1061 1425 1104 et
1470 1050 1788 1118 bonitatem,
1835 1067 1943 1106 non

367 1141 544 1196 solum
594 1140 754 1196 vallis
796 1153 920 1194 esse
969 1140 1224 1206 desistes,
1269 1141 1362 1195 sed
1414 1141 1577 1195 etiam
1633 1156 1792 1196 mons
1825 1157 1946 1198 esse

366 1233 596 1304 incipies
624 1232 740 1288 Dei.
777 1233 932 1298 Quod
965 1242 1145 1288 tamen
1184 1234 1251 1288 de
1276 1234 1528 1304 gentibus
1557 1235 1800 1303 quotidie
1831 1249 1944 1288 rna-

364 1325 447 1392 gis
481 1322 596 1376 ﬁeri
629 1322 898 1388 videmus,
923 1330 1085 1391 atque
1110 1323 1394 1392 compleri,
1427 1322 1612 1377 Omnis
1641 1323 1798 1377 vallis
1841 1324 1940 1376 iut-

362 1415 624 1483 plebitur;
675 1428 839 1482 quam
884 1412 952 1467 de
999 1414 1199 1483 populo
1251 1413 1438 1475 Israel,
1485 1415 1579 1484 qui
1625 1415 1692 1469 de
1725 1413 1960 1471 exeelso‘

362 1504 642 1572 depositus
670 1514 792 1558 est:
829 1502 1038 1571 Omnis,
1071 1504 1268 1574 inquit,
1305 1522 1454 1558 mons
1484 1514 1532 1558 et
1566 1506 1717 1560 collis
1764 1507 1940 1560 humi-

361 1595 602 1649 liabimr.
644 1593 800 1650 Mons
829 1603 947 1648 erat
978 1596 1254 1665 quondam
1287 1596 1376 1650 ille
1403 1597 1638 1666 populus
1675 1606 1729 1652 et
1761 1599 1939 1666 collis,

363 1687 456 1755 qui
486 1687 768 1756 depositus
798 1695 882 1742 est
908 1695 1072 1756 atque
1108 1687 1444 1742 destructus.
1476 1688 1697 1743 illorum
1743 1690 1939 1744 delicto

2057 490 2113 543 Si
2142 492 2267 560 quis
2298 491 2410 542 vult
2443 491 2726 559 baptizari,
2761 492 3089 561 egrediatur.
3149 492 3372 548 Mauens
3401 496 3544 549 cnim
3579 499 3633 551 iit

2055 583 2290 652 pl‘iSlith
2320 592 2487 647 statu,
2511 593 2564 635 et
2595 599 2777 637 mores
2807 599 2938 637 suos
2970 591 3024 636 et
3043 586 3489 639 consuetudinem
3525 603 3632 642 non

2054 674 2392 743 relinquens,
2445 690 2787 743 nequaquam
2838 675 2941 728 rite
2979 674 3043 728 ad
3088 674 3416 743 baptismum
3465 681 3632 734 venit.

2051 765 2124 821 Ut
2159 776 2338 822 autem
2373 766 2643 835 intelligas
2685 767 2813 836 quid
2850 768 2919 822 sit
2952 766 3134 837 egredi
3165 768 3229 820 ad
3276 768 3628 836 baptismum,

2051 858 2238 928 accipe
2270 859 2639 913 testimonium
2681 870 2732 913 et
2779 860 3024 914 ausculta
3054 861 3214 914 verba
3257 861 3455 930 quibus
3491 861 3632 918 Dens

2049 949 2290 1018 loquitur
2321 951 2385 1002 ad
2411 949 2726 1003 Abraham:
2768 949 3026 1020 Egredere
3067 951 3131 1005 de
3173 962 3315 1004 terra
3353 963 3445 1005 tua
3473 955 3549 1018 ⁷³,
3578 965 3629 1010 et

2051 1042 2278 1109 reliqua.
2325 1038 2740 1110 Egredienlibus
2767 1043 2949 1112 itaque
2993 1044 3059 1097 ad
3104 1044 3381 1099 lavacrum
3432 1047 3631 1112 turbis,

2047 1147 2156 1184 non
2192 1133 2467 1201 egressis,
2513 1132 2608 1186 sed
2665 1142 2874 1188 tantum
2926 1136 3362 1204 egredientibus,
3392 1135 3631 1194 Joannes

2047 1221 2290 1290 loquitur
2332 1238 2454 1292 quae
2495 1233 2822 1292 sequuntur.
2861 1222 2918 1278 Si
2944 1225 3089 1280 enim
3113 1225 3226 1295 jam
3261 1228 3464 1295 egressi
3496 1228 3621 1282 l'nis-

2045 1323 2200 1380 sent,
2248 1330 2526 1384 nunquam
2575 1317 2640 1370 ad
2696 1331 2790 1371 eos
2839 1316 3063 1383 diceret,
3119 1320 3382 1387 generatio
3426 1320 3628 1389 vipera-

2045 1422 2184 1461 rum.
2241 1405 2592 1476 Qumeunqne
2639 1408 2804 1477 igitur
2846 1409 2910 1461 ad
2947 1408 3065 1461 iilus
3099 1409 3368 1478 loquitur,
3409 1412 3476 1464 ad
3505 1426 3631 1479 vos,

2041 1498 2209 1570 959
2253 1515 2287 1554 ο
2333 1501 2710 1555 catechumeni
2763 1509 2817 1555 et
2870 1501 3312 1568 ealechumenm,
3363 1503 3623 1572 loquitur.

2044 1591 2146 1655 Qui
2197 1591 2489 1661 disponitis
2537 1594 2722 1647 venire
2755 1593 2821 1647 ad
2875 1593 3234 1662 baptismum,
3284 1597 3627 1653 considerate

2047 1696 2152 1734 non
2187 1681 2414 1736 forsitan
2445 1683 2601 1737 vobis
2628 1683 2732 1738 dici
2765 1684 2958 1752 possit,
2993 1687 3260 1753 generatio
3303 1688 3622 1755 viperarum.

363 1780 512 1834 salus
535 1779 786 1848 gentibus
819 1777 946 1832 dam
971 1788 1054 1833 εει
1075 1777 1141 1833 ad
1163 1779 1530 1834 aemulandum
1561 1795 1656 1837 eos
1682 1782 1747 1834 τι,
1779 1780 1935 1847 Quod
1973 1766 2010 1818 Β
2043 1769 2146 1824 Sed
2179 1782 2230 1824 et
2254 1772 2384 1826 illud
2421 1773 2564 1841 quod
2593 1773 2861 1842 sequitur,
2890 1775 2994 1828 nisi
3025 1777 3346 1844 pravitatem
3387 1793 3623 1832 venena-

360 1880 415 1924 et
444 1870 489 1926 si
521 1871 829 1925 contrarias
857 1870 1227 1934 fortitudines,
1246 1886 1368 1940 quae
1394 1872 1656 1927 adversus
1681 1873 1938 1929 mortales

358 1962 730 2032 erigebantur,
752 1961 958 2015 dixeris
984 1970 1199 2016 montes
1221 1969 1277 2016 et
1305 1963 1472 2019 colles
1496 1978 1619 2019 esse
1639 1964 1936 2032 depo‘sitos,

360 2069 471 2108 non
526 2053 796 2123 peccabis.
843 2050 910 2105 Ut
965 2053 1112 2106 enim
1179 2053 1508 2123 impleantur
1560 2054 1937 2123 hujuscemodi

360 2143 546 2208 valles,
571 2140 922 2196 ltumiliandae
946 2151 1092 2198 sunt.
1115 2138 1218 2195 Sed
1244 2151 1298 2196 et
1319 2143 1420 2196 hoc
1443 2143 1586 2211 quod
1618 2143 1670 2196 in
1702 2143 1936 2198 adventu

359 2232 561 2286 Christi
600 2233 980 2301 prophetatum
1013 2241 1118 2297 est,
1156 2242 1336 2286 utrum
1369 2235 1643 2303 expletum
1679 2235 1773 2299 sit,
1805 2250 1939 2290 con-

360 2323 700 2392 templcmur.
723 2323 982 2392 Sequitur
996 2325 1140 2379 enim
1171 2348 1182 2379 :
1209 2323 1280 2377 Et
1306 2327 1483 2380 omnia
1513 2343 1678 2394 prava
1702 2335 1855 2380 erunt
1883 2327 1937 2379 in

356 2416 581 2469 directa.
613 2414 999 2485 Unusquisque
1024 2425 1268 2472 nostrum
1295 2432 1494 2487 pravus
1517 2430 1652 2483 erat,
1680 2418 1726 2473 si
1755 2429 1936 2472 tamen

359 2523 466 2560 non
511 2516 565 2560 et
611 2522 786 2575 usque
823 2507 983 2562 hodie
1024 2518 1373 2577 perseverat:
1407 2517 1462 2562 et
1506 2525 1598 2578 per
1641 2511 1935 2565 adventum

356 2594 560 2650 Christi
608 2597 700 2667 qui
749 2597 926 2652 factus
982 2607 1066 2652 est
1107 2599 1174 2654 ad
1206 2600 1443 2654 animam
1480 2610 1742 2667 nostram,
1772 2618 1938 2672 prava

357 2704 587 2757 quisque
609 2690 813 2745 directa
838 2699 986 2746 sunt.
1007 2690 1146 2758 Quid
1169 2693 1314 2747 enim
1341 2694 1432 2749 tibi
1457 2696 1698 2766 prodest,
1717 2697 1762 2751 si
1781 2696 1938 2750 Citrio

357 2789 476 2835 stus
502 2785 777 2850 quondam
805 2783 951 2836 venit
977 2783 1029 2837 in
1053 2797 1298 2849 carnem,
1323 2785 1429 2842 nisi
1449 2801 1670 2857 quoque
1693 2787 1758 2842 ad
1787 2795 1934 2841 tuam

358 2871 596 2924 animam
627 2871 1110 2928 venerit10retnus
1137 2884 1194 2928 ut
1222 2875 1366 2931 illius
1390 2877 1632 2946 quotidie
1656 2877 1814 2932 nobis
1843 2877 1938 2931 ad-

359 2969 553 3017 ventus
591 2963 714 3025 ﬁat,
750 2973 804 3018 et
833 2967 1106 3034 possimus
1154 2967 1335 3022 dicere
1383 2987 1396 3022 :
1459 2967 1586 3022 Vivo
1619 2979 1794 3023 autent
1826 2970 1935 3035 iam

356 3069 458 3105 non
482 3069 594 3122 ego,
614 3054 734 3106 vivit
758 3065 933 3108 autem
956 3057 1009 3109 in
1036 3073 1115 3110 me
1142 3056 1489 3112 Christus”.
1518 3056 1574 3112 Si
1599 3059 1744 3112 enim
1771 3059 1931 3113 Chri-

357 3154 474 3200 stus
527 3145 653 3198 vivit
699 3146 751 3198 iu
808 3145 1005 3212 Paulo,
1045 3163 1151 3201 non
1200 3148 1334 3202 vivit
1367 3149 1418 3202 in
1455 3165 1577 3216 me,
1619 3150 1746 3219 quid
1799 3150 1933 3203 mihi

355 3237 630 3302 proderit?
667 3237 803 3292 Cum
833 3248 1014 3293 autem
1057 3248 1109 3294 et
1149 3240 1215 3292 ad
1248 3255 1335 3294 me
1367 3242 1602 3306 venerit,
1650 3251 1704 3295 et
1735 3242 1933 3296 fruitns

355 3327 450 3382 illo
479 3327 656 3389 luero.
681 3329 820 3384 sicut
845 3329 1042 3384 l'ruitus
1067 3341 1149 3385 est
1171 3330 1538 3397 Paulus,tunc
1565 3341 1618 3387 et
1641 3347 1738 3402 ego
1764 3333 1935 3388 Paulo

355 3420 602 3474 similiter
633 3421 828 3490 loquar
863 3441 876 3477 :
916 3423 1045 3477 Vivo
1058 3423 1175 3492 jam
1204 3441 1306 3477 non
1329 3442 1444 3494 ego,
1484 3427 1605 3478 vivit
1630 3443 1747 3480 vero
1779 3428 1832 3479 in
1856 3444 1935 3480 me

356 3512 622 3568 Christus.
669 3513 1091 3573 Consideremns
1126 3529 1255 3582 ergo
1281 3525 1494 3580 caetera,
1541 3530 1663 3582 qua:
1689 3516 1742 3567 in
1773 3517 1933 3569 Citri-

355 3604 423 3657 sti
475 3603 837 3672 pt-tedicentur
884 3605 1139 3659 adventu.
1204 3605 1346 3658 Nihil
1399 3615 1448 3660 te
1498 3606 1747 3674 asperius
1794 3615 1929 3661 erat.

360 3690 492 3745 Vide
521 3693 781 3760 pristinos
810 3704 991 3748 motus
1022 3703 1167 3756 tuos,
1197 3695 1320 3749 vide
1361 3696 1518 3756 iram.
1555 3704 1608 3748 et
1637 3705 1829 3749 cratera
1860 3697 1933 3748 vi-

357 3781 451 3844 tia,
480 3781 524 3834 si
561 3789 738 3833 tamen
766 3792 1117 3836 cessaverunt
1143 3798 1264 3837 esse
1294 3799 1416 3853 qua:
1442 3783 1676 3846 fuerant,
1697 3793 1750 3837 et
1783 3783 1933 3837 intel-

356 3871 480 3940 ligis
514 3871 646 3924 nihil
693 3881 744 3926 te
772 3873 1044 3940 asperius,
1093 3882 1147 3928 et
1175 3875 1259 3944 (ut
1284 3873 1685 3945 signiﬁcantius
1714 3875 1930 3945 loquar)

356 3964 495 4018 nihil
525 3963 698 4019 fuisse
729 3964 1072 4033 inaequalius.
1138 3965 1495 4020 Conversatiu
1525 3975 1614 4020 tua
1646 3966 1930 4035 inaequalis

354 4069 504 4123 erat,
532 4065 585 4110 et
615 4071 796 4111 sermo
826 4066 880 4111 et
907 4072 1070 4127 opera
1107 4057 1413 4128 inaequalia.
1473 4057 1632 4112 Venit
1663 4073 1794 4125 ergo
1824 4058 1930 4113 Do-

355 4147 538 4200 minus
571 4162 724 4202 meus
769 4145 950 4213 Jesus,
999 4156 1053 4202 et
1099 4148 1403 4217 estequavit
1427 4149 1748 4217 asperitates
1783 4160 1925 4214 tuas,

355 4239 714 4310 incomposita
747 4255 976 4311 quaeque
1001 4241 1162 4296 vertit
1201 4241 1254 4295 in
1300 4241 1417 4295 vias
1443 4241 1654 4310 planas,
1690 4249 1750 4294 ut
1775 4241 1930 4295 ﬁeret

357 4335 409 4388 in
441 4345 492 4390 te
522 4336 622 4390 iter
645 4337 763 4391 sine
793 4336 1111 4403 offensione,
1144 4344 1197 4390 et
1231 4336 1348 4390 leve
1373 4334 1530 4407 [forte
1555 4333 1732 4404 laeve],
1765 4342 1926 4403 atque

2041 1877 2148 1930 que
2182 1871 2494 1932 serpentum
2525 1864 2592 1918 de
2623 1865 2789 1919 corde
2817 1875 3000 1920 vestro
3025 1867 3346 1935 expuleritis
3367 1908 3387 1935 τ
3413 1869 3626 1933 dicetur

2042 1953 2107 2005 ad
2142 1968 2238 2007 vos
2269 1971 2283 2008 :
2324 1954 2456 2019 Quis
2482 1957 2712 2011 ostendit
2757 1956 2898 2011 vobis
2927 1958 3105 2027 fugere
3135 1959 3201 2012 ab
3243 1961 3326 2013 ira
3368 1964 3628 2016 ventura?

2041 2045 2232 2114 Magna
2268 2046 2398 2103 huic
2442 2049 2641 2104 saeculo
2683 2049 2959 2120 impendet
2988 2051 3068 2105 ira
3100 2070 3112 2104 :
3150 2053 3328 2106 omnis
3365 2053 3499 2107 iram
3529 2054 3625 2109 Dei

2041 2154 2310 2207 passurus
2340 2154 2426 2194 est
2456 2141 2694 2196 mundus
2725 2161 2738 2196 :
2773 2150 2980 2196 tantam
3015 2144 3323 2198 vastitatem
3364 2145 3484 2200 εαξιί
3507 2186 3523 2212 ,
3571 2155 3627 2200 et

2040 2233 2383 2287 latitudinem
2411 2241 2589 2299 terrae,
2619 2247 2673 2289 et
2705 2236 2984 2290 stellarum
3020 2235 3242 2297 choros,
3279 2236 3622 2304 splendorem

2041 2323 2173 2377 solis
2196 2364 2210 2388 ,
2241 2331 2296 2376 et
2324 2323 2464 2378 lunae
2495 2334 2775 2380 nocturnae
2808 2327 3000 2381 solatia
3025 2366 3040 2391 ,
3094 2322 3186 2382 Dei
3215 2328 3294 2382 ira
3321 2328 3620 2385 subvertet.

2041 2413 2167 2469 llaec
2199 2416 2342 2468 enim
2373 2417 2556 2470 omnia
2592 2427 2812 2487 propter
2837 2419 3121 2473 hominum
3155 2431 3374 2488 peccata
3422 2421 3621 2475 transi-

2041 2506 2196 2562 bunt.
2239 2507 2305 2561 Et
2333 2507 2464 2562 olim
2489 2509 2708 2578 quidem
2744 2525 2910 2580 super
2943 2512 3126 2565 omnia
3155 2520 3362 2566 tantum
3397 2513 3448 2566 in
3475 2520 3619 2568 terra

2040 2599 2190 2653 venit
2221 2598 2300 2653 ira
2327 2597 2439 2666 Dei,
2460 2601 2587 2670 quia
2617 2600 2796 2656 omnis
2819 2617 2947 2656 caro
2970 2603 3261 2672 reliquerat
3294 2604 3435 2658 viant
3463 2619 3620 2658 suam

2040 2706 2206 2761 super
2253 2699 2454 2746 terram
2488 2691 2535 2724 ⁷⁸
2568 2710 2581 2745 :
2614 2708 2760 2748 nunc
2792 2703 2971 2747 autem
3012 2703 3062 2748 et
3112 2708 3275 2762 super
3301 2697 3531 2757 caelum,
3565 2704 3622 2749 et

2042 2798 2208 2853 super
2252 2791 2454 2838 terram
2498 2795 2728 2839 ventura
2761 2794 2844 2839 cst
2887 2786 2966 2839 ira
3011 2783 3125 2837 Dei.
3169 2783 3304 2840 (ἰωιὶ
3339 2785 3622 2849 pertransi-

2041 2875 2205 2938 bunt,
2255 2885 2312 2929 tu
2359 2884 2534 2930 autem
2577 2877 2906 2945 permanebis
2942 2877 3030 2938 (ad
3075 2875 3244 2930 Detnn
3281 2879 3538 2945 dicitur),
3567 2891 3616 2930 ct

2039 2980 2219 3018 omnes
2243 2965 2382 3017 sicut
2411 2965 2775 3020 vestimentum
2811 2975 3130 3019 veterascent
3164 2966 3231 3017 ".
3277 2964 3461 3018 Videte
3489 2980 3620 3032 qua-

2042 3055 2111 3109 lis
2137 3065 2191 3109 et
2211 3065 2416 3126 quanta
2446 3057 2524 3108 ira
2553 3056 2641 3122 sit,
2671 3073 2792 3125 (piae
2816 3056 3080 3108 mundum
3106 3070 3320 3109 omnem
3357 3071 3618 3110 consumo

2037 3156 2198 3216 plura
2231 3145 2335 3208 sit,
2365 3159 2418 3199 et
2451 3145 2636 3214 puniet
2661 3161 2756 3199 eos
2786 3146 2878 3215 qui
2916 3160 3072 3214 pruna
3103 3145 3250 3213 digiti
3275 3152 3438 3210 sunt,
3470 3145 3622 3199 inve-

2039 3240 2258 3308 uietque
2285 3241 2568 3294 materiam
2597 3242 2648 3294 in
2678 3257 2783 3310 qua
2813 3256 2871 3294 se
2893 3251 3162 3294 exerceat.
3234 3239 3622 3310 Unusquisque

2038 3340 2287 3384 nustrutn
2320 3349 2381 3384 ex
2415 3347 2478 3386 eo
2515 3332 2657 3401 quod
2685 3337 2871 3401 gessit,
2898 3333 2992 3386 ira:
3024 3331 3306 3386 materiam
3350 3347 3618 3401 prtepara-

2038 3422 2132 3475 vit.
2185 3422 2485 3475 Secundam
2526 3423 2783 3477 duritiam
2823 3425 2962 3475 enim
3007 3433 3152 3475 tuam
3196 3432 3246 3476 et
3292 3424 3618 3491 impaenitens

2037 3527 2127 3562 cor
2155 3512 2487 3563 thesauris-:3
2513 3511 2606 3563 tibi
2633 3513 2767 3562 iram
2798 3512 2851 3562 in
2877 3513 2960 3563 die
2985 3513 3078 3564 ira:
3098 3524 3144 3564 et
3169 3512 3499 3566 reuelationis
3520 3513 3617 3581 ju-

2035 3601 2105 3652 sti
2125 3601 2322 3668 judicii
2371 3600 2484 3662 Dei,
2517 3601 2719 3653 dicitur
2753 3601 2818 3652 ad
2851 3599 3132 3655 Romanos
3161 3603 3226 3654 ⁷⁸.
3271 3601 3401 3656 Dein
3433 3605 3616 3672 sequi-

2037 3698 2162 3743 tur:
2207 3689 2335 3753 Quis
2366 3691 2595 3741 ostendit
2629 3690 2768 3742 vobis
2813 3689 2993 3758 fugere
3014 3691 3078 3743 ab
3103 3693 3182 3744 ira
3207 3695 3465 3747 ventura?
3502 3693 3615 3748 Fa-

2034 3781 2134 3832 cite
2155 3797 2276 3847 ergo
2299 3781 2504 3848 [ructus
2526 3779 2711 3850 dignos
2744 3781 3085 3848 ptenitentite.
3125 3781 3192 3836 Et
3220 3783 3372 3838 vobis
3403 3785 3493 3853 qui
3522 3799 3613 3838 ve—

2035 3873 2162 3926 nitis
2197 3874 2260 3926 ad
2296 3873 2646 3942 baptismum,
2694 3875 2894 3929 dicitur
2928 3895 2941 3929 :
2979 3875 3168 3928 Facite
3197 3876 3403 3944 [ructus
3425 3876 3611 3946 dignos

2031 3967 2369 4036 paenitentiaz.
2429 3965 2604 4020 Vultis
2635 3967 2774 4022 scire
2801 3969 2893 4038 qui
2937 3979 3062 4024 sunt
3093 3969 3302 4024 fructus
3345 3971 3611 4039 pamiten-

2034 4059 2160 4113 tiae?
2197 4057 2452 4114 Charitas
2484 4057 2697 4113 fructus
2721 4069 2805 4115 est
2835 4059 3090 4131 Spiritus,
3115 4063 3370 4132 gaudium
3398 4063 3610 4119 fructus

2031 4161 2116 4206 est
2152 4151 2410 4220 Spiritus,
2451 4165 2576 4220 pax,
2609 4153 2891 4221 patientia,
2918 4153 3245 4224 benignitas,
3276 4155 3512 4221 bonitas,
3543 4155 3612 4210 ﬁ-

2028 4242 2144 4307 des,
2196 4241 2580 4306 mansuetudo,
2633 4244 2990 4310 eontinentia,
3021 4255 3076 4298 et
3116 4245 3321 4314 reliqua
3355 4246 3611 4316 hujusce-

2028 4332 2276 4387 modi".
2320 4331 2377 4386 Si
2407 4332 2521 4387 haec
2553 4333 2737 4387 omnia
2783 4333 3174 4401 habuerimus,
3213 4336 3440 4392 fecimus
3486 4337 3610 4392 fru-

356 4427 707 4493 purissimum
728 4468 742 4493 ,
788 4429 1208 4497 gradereturque
1253 4427 1307 4480 in
1357 4436 1410 4480 te
1459 4426 1600 4481 Deus
1645 4425 1824 4491 Pater,
1869 4433 1922 4480 et
1953 4446 1998 4502 ῃ
2028 4434 2150 4481 ctus
2179 4426 2373 4496 dignos
2400 4426 2750 4494 pmnitentim.
2794 4425 3031 4480 Rursum
3064 4426 3266 4480 dicitur
3296 4429 3362 4482 ad
3389 4443 3484 4484 eos
3508 4431 3600 4498 qui

351 4519 605 4574 Christus
633 4519 897 4574 Dominus
923 4522 1261 4574 mansionem
1297 4519 1441 4590 apud
1489 4529 1541 4574 te
1574 4519 1804 4585 faceret,
1837 4521 1923 4575 di-

352 4622 602 4680 ceretque
629 4629 642 4665 :
680 4610 791 4682 Ego
815 4621 863 4664 et
889 4611 1055 4666 Pater
1097 4629 1240 4665 meus
1270 4614 1550 4677 veniemus,
1597 4621 1646 4666 et
1689 4612 1922 4664 mansio-

352 4720 468 4756 nem
512 4703 652 4771 apud
691 4719 806 4756 eum
845 4703 1098 4771 faciemus
1139 4705 1206 4756 ".
1269 4704 1563 4773 Sequitur:
1616 4702 1683 4756 Et
1727 4703 1920 4758 videbit

351 4797 522 4848 omnis
567 4812 690 4848 caro
735 4795 969 4849 salutare
1014 4795 1132 4850 Dei.
1174 4794 1254 4849 Tu
1296 4797 1570 4864 quondam
1615 4809 1744 4850 caro
1773 4809 1918 4861 eras,

352 4885 462 4938 into
486 4897 542 4938 ut
568 4883 872 4939 mirabilius
900 4885 1091 4953 loquar
1115 4925 1130 4949 ,
1167 4901 1287 4938 cunt
1334 4884 1514 4938 adhuc
1542 4884 1595 4937 in
1629 4899 1793 4936 carne
1821 4883 1919 4948 sis,

350 4977 501 5032 vides
525 4977 766 5031 salutare
794 4975 906 5030 Dei.
947 4975 1087 5042 Quid
1125 4983 1305 5030 autem
1335 4975 1436 5030 sibi
1465 4974 1590 5028 velit
1619 4975 1764 5045 quod
1791 4974 1925 5030 dici-

351 5077 438 5123 tur
455 5107 472 5133 ,
507 5067 688 5122 omnis
710 5081 872 5134 caro,
897 5079 964 5122 eo
989 5067 1130 5137 quod
1157 5067 1304 5121 nulla
1339 5066 1640 5136 excipiatur
1659 5081 1781 5134 quae
1810 5080 1919 5120 non

351 5160 529 5213 videat
559 5157 794 5212 salutare
823 5156 953 5223 Dei,
985 5157 1236 5226 relinquo
1268 5156 1672 5224 intelligendum
1713 5155 1798 5208 his
1826 5153 1919 5224 qui

351 5249 532 5305 sciunt
562 5247 967 5317 Scripturarum
1001 5246 1276 5318 mysteria.
1317 5245 1575 5313 Quaenam
1599 5244 1922 5315 egredienti-

413 5413 458 5445 "
506 5412 666 5468 Rom.
701 5427 778 5475 χι,
813 5410 898 5464 ll.

350 5483 397 5520 ⁷·
427 5482 584 5536 Rom.
631 5499 669 5536 ιι
693 5523 706 5546 ,
737 5483 823 5556 5.,
868 5481 912 5514 ’⁷
944 5481 1062 5536 Gal.
1101 5497 1153 5546 v,
1187 5482 1278 5542 22,
1304 5481 1394 5534 25.

422 5580 533 5651 (60)
577 5580 802 5651 Schedaa
845 5578 1046 5651 Grabii‘
1067 5589 1121 5651 et
1162 5576 1472 5632 Combeﬁsii
1502 5575 1659 5651 εἸξῶν
1695 5571 1918 5651 μὲν-οὗν

362 5646 793 5722 Ἰοιιδάίων-ορτω
825 5649 923 5722 τὴν
954 5648 1269 5722 κᾳθαίρεςξιν
1309 5646 1673 5722 προφῃρεύει·,
1701 5646 1918 5722 εἰσμργει

351 5721 405 5774 δὲ
445 5720 552 5774 τῶν
593 5719 760 5773 ἐθνῶν
792 5715 892 5796 sip}
919 5715 1133 5790 xlﬁctv,
1168 5716 1260 5781 οὓς
1295 5715 1387 5772 καὶ
1427 5715 1604 5779 λίθους
1643 5715 1915 5802 ῥνομάζει.

973 5412 1042 5443 ἰ·
1078 5410 1198 5466 Gal.
1231 5425 1288 5473 n,
1319 5409 1410 5464 20.
1481 5411 1532 5442 "
1558 5407 1717 5464 Joan.
1743 5423 1855 5476 xlv,
1881 5409 1973 5464 25.

2028 4518 2094 4573 ad
2121 4516 2349 4573 Joannis
2385 4517 2715 4587 baptismum
2765 4518 3054 4572 veniebant
3083 4537 3094 4572 :
3136 4517 3202 4571 Et
3233 4535 3292 4572 ne
3333 4521 3604 4589 incipiatis

2028 4607 2201 4659 dicere
2221 4606 2362 4658 intra
2387 4605 2749 4673 vosme:ipsos,
2775 4614 2978 4674 patrem
3003 4603 3253 4657 habemus
3292 4604 3557 4657 Abraham
3581 4622 3601 4658 :

2029 4699 2148 4751 dico
2186 4696 2324 4750 enim
2358 4696 2522 4760 vobis,
2548 4697 2673 4765 quia
2712 4705 2880 4764 potest
2921 4695 3057 4748 Deus
3093 4699 3156 4750 de
3184 4697 3443 4765 lapidibus
3482 4698 3604 4752 istis

2028 4788 2286 4843 suscitare
2307 4785 2448 4856 ﬁlios
2473 4785 2740 4839 Abraham
2770 4785 2902 4856 (60).
2933 4784 3222 4856 Propltetat
3245 4785 3480 4842 Joannes
3509 4804 3601 4842 no-

2020 4879 2280 4936 vissimus
2311 4877 2697 4948 prophetarum
2731 4877 3107 4946 espulsionem
3156 4877 3352 4946 prioris
3388 4879 3592 4948 populi,

2021 4985 2074 5030 et
2103 4973 2441 5027 vocationem
2473 4970 2735 5038 gentium.
2801 4969 2911 5024 lllis
2939 4969 3085 5024 enim
3113 4971 3205 5040 qui
3233 4971 3299 5025 de
3323 4971 3596 5026 Abraham

2023 5062 2394 5135 gloriabantur
2426 5059 2597 5113 dicit:
2629 5057 2700 5111 Et
2739 5074 2800 5111 ne
2824 5059 3092 5126 incipiatis
3132 5057 3303 5110 dicere
3340 5059 3390 5110 in
3427 5058 3596 5111 vobis-

2024 5155 2278 5224 metipsis,
2312 5161 2515 5222 patrem
2550 5151 2798 5204 habemus
2824 5148 3112 5203 Abraham.
3155 5148 3219 5202 Et
3247 5149 3317 5202 de
3345 5151 3592 5218 gentibus

2024 5262 2244 5302 rursum
2269 5244 2510 5315 loquitur
2547 5260 2561 5296 :
2591 5241 2724 5295 Dico
2747 5242 2885 5296 enim
2910 5241 3050 5295 vobis
3071 5280 3085 5304 ,
3115 5241 3239 5310 quia
3261 5249 3427 5309 potest
3454 5239 3596 5293 Deus

2045 5410 2092 5443 ⁷³
2121 5410 2258 5466 Gen.
2296 5425 2396 5473 xu,
2430 5409 2481 5463 l.
2557 5409 2603 5440 ⁷⁸
2633 5408 2768 5463 Gen.
2811 5422 2862 5460 vt
2885 5448 2899 5473 ,
2929 5405 3017 5460 l2.
3090 5405 3139 5436 ⁷⁵
3163 5401 3306 5457 Psal.
3355 5415 3429 5456 cu
3453 5442 3468 5466 ,
3498 5402 3591 5456 26.

2024 5576 2330 5630 Judmorum
2362 5575 2525 5644 igitur
2553 5577 2865 5627 eversionem
2896 5572 2990 5623 hoc
3020 5567 3171 5644 modo
3194 5569 3502 5644 prophetat,
3539 5577 3589 5618 et

2024 5646 2226 5699 inducit
2272 5633 2593 5697 vocdtionem
2629 5644 2856 5712 gentium
2899 5656 3029 5710 quas
3069 5633 3228 5697 etiam
3263 5633 3466 5702 lapides
3511 5653 3594 5692 ro-

2025 5727 2128 5770 cat.
2157 5713 2374 5768 Remus.
