4084 6302
430 224 566 277 tuo?)
1900 210 2027 265 our

2132 206 2224 262 us
3574 201 3707 254 186
3726 197 3764 251 ι

424 353 645 407 quoque
675 334 778 406 ipsi
816 344 870 390 et
900 332 1155 403 apostoli.
1189 343 1351 384 omne
1379 326 1526 399 quod
1561 334 1857 388 resonant,
1905 341 2012 380 non
2046 331 2085 384 Α
2115 340 2271 395 quant
2297 338 2418 375 cum
2450 320 2561 374 illis
2581 320 2650 373 ’⁷.
2707 318 2770 372 Et
2814 316 2998 373 statim
3039 315 3108 370 ad
3161 331 3350 387 preces
3382 315 3565 371 sancti
3617 314 3759 373 νζξὶ

429 432 605 483 solum
640 427 978 488 hominibus,
1028 423 1127 476 sed
1161 432 1215 475 et
1234 421 1442 489 angelis
1485 419 1800 488 praedicant.
1855 416 2012 483 Quod
2117 417 2340 487 angelos
2366 429 2501 483 quos
2534 413 2685 481 prius
2709 408 2859 466 Ciezi
2890 425 2996 470 non
3022 408 3274 474 videbat,
3310 408 3552 463 intuitus
3610 419 3745 463 est.

432 532 491 574 ut
515 521 657 574 scias
678 533 862 571 verum
888 533 901 570 τ
928 513 1172 578 Attende,
1194 512 1391 582 inquit,
1417 511 1627 575 caelum,
1654 521 1702 563 et
1727 510 1912 579 loquar
1933 509 2012 572 87;
2118 506 2245 561 llaec
2285 505 2490 559 idcirco
2516 503 2789 561 diximus.
2822 507 2882 554 ut
2905 498 3320 554 ostenderemus
3353 509 3409 553 et
3456 499 3751 570 publica-

432 610 603 665 ct:lu
629 615 906 676 compertu
935 604 1241 674 angelorum
1269 602 1498 671 psallam
1528 600 1720 667 tibi”;
1747 608 1801 654 et
1830 618 1843 653 :
1871 598 2017 651 Lau-
2118 612 2220 652 nos
2252 595 2433 650 doceri
2488 610 2518 648 ιι
2568 591 2798 655 Joanne,
2827 600 2882 645 et
2914 605 3021 644 non
3068 590 3245 645 solum
3275 605 3372 646 eos
3401 592 3496 660 qui
3522 592 3748 661 reipu-

432 702 552 754 dute
587 699 890 760 Dominum,
923 695 1038 749 caeli
1067 695 1404 757 cmlorum,et
1425 708 1576 763 aqua:
1604 706 1721 761 qua:
1742 706 1898 760 super
1923 705 2019 743 σαε-
2119 689 2275 743 blicze
2297 685 2655 755 vectigalibus
2684 682 2951 743 serviunt,
2989 680 3081 736 sed
3118 682 3282 735 ctiam
3318 681 3440 736 illos
3486 683 3583 751 qui
3622 698 3743 736 vc-

376 846 387 856 ,
433 793 508 844 los
535 800 655 843 sunt
686 789 899 841 laudent
928 778 1115 841 nomen
1144 785 1356 839 Domini
1380 785 1460 849 3’;
1495 792 1551 838 et
1581 801 1598 837 ι
1633 781 1873 835 Laudent
1899 797 2017 834 eum
2118 779 2342 833 niebant
2369 776 2435 831 ad
2460 773 2861 846 paenitentiam.
2916 771 2980 825 Et
3013 771 3102 826 alii
3141 781 3301 825 erant
3334 787 3364 825 a
3398 773 3739 841 corporali-

436 878 607 947 angeli
639 879 717 942 9°;
758 888 809 931 et
838 895 849 930 :
885 874 950 929 In
976 876 1119 929 omni
1166 874 1279 928 loco
1333 874 1611 943 potestatis
1640 872 1753 938 ejus
1781 869 2015 932 benedic,

433 975 610 1026 anima
646 989 779 1035 utea,
818 971 1039 1024 Domino
1081 973 1153 1025 ".
1198 968 1446 1022 Invenies
1489 967 1543 1020 in
1578 964 1828 1034 plurimis
1861 963 2015 1026 locis,

433 1076 487 1117 ιιι
516 1065 748 1118 maxime
780 1065 831 1117 in
860 1062 1112 1127 Psalmis,
1136 1071 1187 1115 et
1215 1061 1281 1114 azl
1308 1060 1530 1129 angelos
1556 1070 1864 1112 sermonem
1880 1054 2016 1118 ﬂeri,

435 1157 561 1208 data
599 1155 802 1208 homini
838 1164 1134 1223 potestate,
1162 1155 1211 1207 ei
1243 1162 1419 1207 tamen
1452 1151 1545 1220 qui
1575 1148 1840 1220 Spiritum
1887 1160 2017 1200 san-

437 1262 581 1302 ctum
610 1250 790 1311 habet,
812 1258 937 1304 utet
966 1248 1186 1318 angelos
1213 1247 1538 1315 alloqnatur.
1565 1241 1821 1311 Equibus
1849 1253 2018 1293 unum

438 1343 745 1409 exemplum
784 1355 1005 1409 ponam,
1040 1351 1099 1396 ιιι
1126 1341 1365 1393 sciamus
1391 1336 1614 1407 angelos
1643 1347 1862 1403 quoque
1920 1331 2023 1385 btt-

440 1433 619 1486 manis
657 1434 882 1487 vocibus
911 1432 1136 1487 erudiri.
1176 1431 1452 1499 Scriptum
1484 1438 1569 1482 est
1598 1427 1651 1481 in
1695 1422 2021 1494 Apocalypsi

439 1522 668 1578 Joannis
693 1526 739 1556 "
769 1542 782 1578 :
813 1523 1010 1594 Angela
1046 1523 1393 1593 Ephesiorum
1421 1517 1671 1572 Ecclesia:
1691 1516 1892 1569 scribe:
1916 1512 2024 1567 Ηαο

441 1613 532 1666 beo
561 1615 762 1682 aliquid
793 1625 978 1668 contra
1016 1624 1100 1678 te;
1139 1624 1193 1667 et
1241 1627 1459 1667 rursum
1480 1610 1528 1643 ”
1555 1624 1569 1662 :
1607 1607 1806 1678 Angela
1834 1604 2023 1659 Eccle-

441 1708 536 1761 δίαν
555 1706 801 1775 Pergami
831 1706 1031 1759 scribe:
1060 1704 1242 1759 Habeo
1261 1703 1535 1773 quidpiam
1560 1711 1746 1753 contra
1772 1708 1840 1751 te.
1862 1696 2021 1752 Certe
2052 1682 2092 1736 Β
2119 1695 2390 1750 culorum.
2420 1693 2615 1749 Amen.

443 1798 608 1849 homo
634 1805 716 1850 est
748 1797 839 1863 qui
885 1796 1077 1850 scribit
1100 1795 1339 1863 angelis,
1393 1801 1447 1846 et
1497 1790 1704 1859 aliquid
1751 1788 2016 1859 praecipit.

447 1884 561 1951 Ego
597 1899 702 1936 non
736 1884 954 1953 ambigo
979 1892 1034 1937 ct
1068 1884 1119 1935 in
1155 1894 1297 1936 coetu
1331 1889 1519 1934 nostro
1547 1879 1740 1933 adesse
1762 1879 2017 1949 angelos,

446 1992 552 2028 non
613 1975 788 2029 solum
827 1973 1149 2043 generaliter
1202 1972 1352 2025 omni
1389 1969 1682 2035 Ecclesiae,
1730 1972 1823 2025 sed
1853 1970 2018 2024 etiam

447 2066 785 2135 singillatim.
820 2064 892 2118 De
913 2064 1113 2133 quibus
1143 2061 1393 2117 Salvator
1421 2062 1498 2115 ait
1514 2062 1560 2094 "’
1594 2079 1608 2115 :
1637 2061 2022 2132 Angeliearum

445 2173 649 2223 semper
698 2156 870 2209 rident
917 2155 1107 2224 facient
1155 2153 1334 2207 Patris
1368 2154 1470 2207 mei
1512 2155 1601 2223 qui
1640 2154 1695 2206 in
1749 2153 1893 2207 caelis
1921 2164 2020 2208 est.

446 2249 650 2318 Duplex
692 2248 777 2302 hic
809 2248 963 2302 adest
993 2245 1257 2309 Ecclesia,
1277 2261 1384 2299 una
1407 2246 1716 2308 hominum,
1742 2245 1910 2298 altera
1934 2260 2027 2298 an-

446 2341 712 2407 gelorum.
743 2336 801 2393 Si
830 2338 958 2407 quid
984 2338 1135 2407 juxta
1168 2341 1455 2401 rationem,
1502 2345 1557 2390 ct
1596 2337 1752 2405 juxta
1779 2336 2028 2407 Scriptu-

448 2446 630 2484 rarum
657 2431 895 2485 dicimus
927 2430 1283 2490 voluntatem,
1310 2429 1561 2484 laetantur
1582 2428 1757 2498 angeli
1788 2438 1843 2483 et
1869 2436 2029 2483 orant

449 2521 755 2574 nobiscum.
781 2519 844 2573 Et
863 2520 989 2589 quia
1020 2528 1314 2589 praesentes
1332 2517 1508 2588 angeli
1535 2528 1662 2572 sunt
1690 2518 1745 2572 in
1764 2516 2025 2581 Ecclesia,

458 2613 616 2666 iuilla
641 2612 1041 2681 duutaxatqua:
1065 2620 1323 2673 meretur,
1352 2620 1405 2665 et
1433 2611 1637 2666 Christi
1664 2618 2033 2681 est,propter-

447 2720 511 2758 ea
546 2705 826 2758 orantibus
882 2704 1099 2758 lcmiuis
1138 2704 1477 2773 prtecipitnr,
1522 2715 1581 2758 ut
1612 2703 1845 2761 habeant
1882 2706 2029 2759 vela-

451 2811 575 2849 men
609 2811 772 2864 super
801 2804 965 2864 caput
992 2805 1211 2864 propter
1236 2795 1458 2864 angelos
1485 2796 1553 2857 ’5,
1590 2793 1702 2865 (67)
1741 2794 1930 2864 utique
1967 2795 2031 2849 il-

449 2882 534 2937 los
566 2884 657 2952 qui
685 2883 954 2938 assistunt
984 2884 1222 2950 sanctis,
1278 2893 1331 2938 et
1391 2884 1641 2938 laetantur
1679 2883 1731 2937 in
1766 2883 2027 2939 Ecclesia.

448 2975 603 3041 Quos
628 2974 847 3044 quidem
879 2989 1000 3038 nos,
1040 2973 1168 3043 quia
1204 2984 1551 3044 peccatorum
1588 2976 1839 3030 sordibus
1887 2975 2029 3030 oculi

449 3066 625 3117 nostri
652 3064 800 3118 obliti
827 3073 975 3125 sunt,
1005 3080 1110 3118 non
1152 3066 1422 3131 videmus,
1459 3067 1552 3121 sed
1582 3067 1766 3122 vident
1791 3067 2027 3138 apostoli

450 3153 580 3208 ,ιι-ευ
610 3155 674 3208 ad
698 3171 836 3224 quos
871 3155 1115 3224 loquitur
1141 3158 1188 3189 ”
1219 3175 1232 3210 :
1264 3157 1453 3223 Amen,
1485 3175 1639 3211 auten
1688 3159 1809 3212 dico
1844 3160 1985 3212 vobis
2012 3198 2028 3222 ,

449 3246 688 3302 videbitis
717 3246 902 3300 calum
928 3256 1187 3314 apertum,
1226 3259 1274 3300 et
1306 3248 1517 3317 angelos
1565 3246 1661 3300 Dei
1687 3248 2028 3301 ascendentes

452 3348 499 3386 et
527 3334 888 3390 descendentes
913 3350 1068 3405 super
1094 3334 1139 3388 F
1144 3336 1298 3389 ilium
1319 3337 1565 3390 hominis.
1592 3334 1747 3402 Quod
1778 3338 1823 3391 si
1856 3337 2028 3391 habe-

454 3442 567 3480 rem
599 3426 738 3479 hanc
760 3427 1010 3496 gratiam,
1050 3436 1110 3481 ut
1139 3427 1416 3497 quomodo
1445 3428 1701 3498 apostoli,
1744 3430 1826 3484 sic
1874 3430 2018 3485 vide-

455 3532 595 3577 rem,
624 3524 677 3569 et
710 3517 854 3570 sicut
888 3517 1090 3572 l’aulns
1114 3520 1346 3587 aspexit,
1402 3519 1646 3572 intuerer
1675 3558 1691 3583 ,
1748 3535 2028 3573 cernerem

456 3622 599 3659 nunc
630 3606 944 3670 angelorum
993 3608 1395 3662 multitudinem
1425 3648 1439 3672 ,
1492 3609 1637 3677 quod
1666 3608 1881 3663 videbat
1919 3609 2031 3662 Eli-

455 3710 615 3761 smus,
651 3704 704 3750 et
727 3696 874 3750 Giezi
906 3696 1000 3767 qui
1023 3715 1145 3753 cum
1175 3714 1240 3754 eo
1268 3708 1491 3754 steterat
1517 3715 1624 3753 non
1682 3700 1917 3755 videbat.
1975 3699 2031 3754 In

456 3799 602 3842 luctu
637 3798 755 3841 erat
793 3789 964 3852 Giezi,
1004 3805 1069 3843 ne
1100 3791 1170 3845 ab
1204 3791 1454 3845 hostibus
1499 3801 1826 3860 caperetur,
1883 3792 2034 3847 solus

458 3880 682 3934 lilisatus
703 3883 912 3937 videns.
943 3883 1047 3937 Sed
1085 3883 1332 3951 Elisaaus,
1374 3894 1432 3937 ut
1458 3886 1744 3955 prophetes
1775 3883 1986 3938 Domini
2016 3923 2031 3949 ,

454 3977 797 4042 deprecatur,
833 3987 887 4031 et
916 3977 1049 4031 dicit
1075 3995 1088 4031 :
1118 3976 1161 4032 0
1190 3976 1432 4043 Domine,
1468 3978 1614 4047 aperi
1662 3977 1839 4030 oculos
1882 3978 2033 4046 pueri

454 4064 630 4130 istius,
651 4075 700 4119 et
726 4067 903 4120 videat
932 4071 1181 4133 quoniam
1224 4070 1390 4123 multo
1416 4070 1591 4139 plures
1620 4069 1888 4122 nobiscum
1909 4078 2032 4121 sunt

569 4182 613 4213 ⁸⁷
647 4182 800 4234 Deut.
830 4198 1002 4240 xxx".
1037 4184 1088 4237 1.

456 4268 515 4309 ιι,
551 4268 690 4307 vers.
738 4254 788 4319 1,
814 4253 867 4305 4.

455 4324 501 4353 ³⁸³
538 4322 732 4389 ΙίιιΙίρ.
767 4335 826 4387 ιι,
865 4324 950 4386 10,
987 4325 1072 4376 ll.
1150 4324 1195 4355 ⁹⁹
1228 4325 1349 4377 Act.
1380 4324 1493 4390 1,5.
1571 4324 1639 4354 ’"
1689 4328 1810 4376 Act.
1858 4338 1917 4386 It,
1976 4321 2030 4374 4.

2120 872 2222 926 bus
2252 869 2551 941 publicani,
2577 869 2722 925 sicut
2743 876 2797 921 et
2822 866 2913 920 alii
2940 866 3160 931 milites,
3215 866 3311 935 qui
3347 867 3735 936 egredieban-

2119 970 2209 1016 tur
2237 962 2302 1015 ad
2366 960 2696 1030 baptismum
2753 957 3108 1028 ptenitentias.
3166 956 3327 1011 Venit
3386 958 3532 1012 enim
3596 974 3725 1012 non

2119 1052 2359 1108 Joannes
2390 1060 2445 1107 et
2473 1052 2739 1123 propheta
2772 1059 2983 1105 tantum
3005 1089 3020 1113 ,
3047 1050 3141 1105 sed
3168 1050 3333 1105 etiam
3370 1050 3485 1120 ipse
3516 1049 3730 1105 Salva-

2122 1155 2230 1209 tor,
2250 1154 2304 1200 et
2335 1144 2670 1206 hominibus,
2701 1151 2757 1197 et
2788 1134 2902 1213 (68)
2928 1141 3157 1212 angelis,
3194 1152 3249 1196 et
3282 1143 3576 1197 virtutibus
3609 1159 3727 1197 ca:-

2124 1236 2255 1291 tcris
2286 1237 2581 1290 salutarem
2605 1234 2981 1303 paenitentiam
3017 1232 3335 1302 pmdicare,
3391 1243 3453 1288 ut
3500 1234 3555 1288 in
3608 1248 3721 1288 no-

2123 1326 2270 1380 mine
2295 1324 2425 1381 Jesu
2452 1339 2616 1380 omne
2645 1340 2786 1394 genu
2843 1323 3113 1389 ﬂectatur,
3150 1323 3491 1392 cmlestium,
3525 1336 3579 1381 et
3599 1337 3720 1381 ter-

2122 1418 2405 1482 restrium,
2435 1425 2490 1471 et
2517 1415 2882 1479 infernarum,
2917 1424 2972 1469 ct
3002 1414 3183 1470 omnis
3206 1416 3391 1486 lingua
3446 1417 3722 1475 conﬁtea—

2124 1516 2234 1571 tur,
2269 1509 2398 1577 quia
2423 1506 2690 1562 Dominus
2717 1504 2879 1561 Jesus
2906 1505 3162 1561 Christus
3204 1507 3258 1559 in
3294 1509 3466 1575 gloria
3495 1518 3581 1563 est
3610 1508 3717 1563 Dei

2124 1599 2304 1654 Patris
2330 1600 2376 1634 ’⁸
2406 1618 2419 1653 :
2457 1600 2545 1655 cui
2570 1609 2652 1654 est
2684 1598 2859 1669 gloria
2880 1607 2933 1652 et
2958 1598 3246 1668 imperium
3272 1600 3326 1654 in
3362 1600 3559 1656 saecula
3603 1617 3718 1658 sm-

3468 1741 3497 1768 Ρ

2652 1800 2940 1860 HOMILIA
2978 1800 3169 1861 XXIV.

2122 1897 2201 1954 De
2227 1917 2286 1953 ea
2313 1900 2451 1969 quod
2474 1899 2728 1966 scriptum
2755 1907 2870 1951 est:
2908 1915 2937 1969 (ξ
2965 1896 3077 1967 Ego
3096 1898 3303 1967 quidem
3355 1896 3567 1969 baptizo
3612 1914 3712 1954 vos

2193 1967 2354 2038 aqua.
2391 1990 2406 2021 ι
2445 1986 2610 2038 usque
2651 1969 2719 2021 ad
2751 1984 2869 2021 eum
2920 1967 3093 2021 locum
3141 1969 3229 2023 ubi
3262 1970 3384 2038 ait:
3414 1991 3432 2020 ι
3466 1968 3583 2036 Ipse
3611 1986 3711 2024 vos

2194 2040 2487 2110 baptizabit
2514 2037 2722 2109 Spiritu
2747 2047 2929 2091 sancto
2950 2048 2999 2091 et
3022 2038 3158 2108 igne.
3203 2057 3223 2090 ι
3252 2037 3391 2108 Cap.
3426 2055 3508 2094 ιιι.

2192 2152 2457 2207 Joannem
2477 2190 2493 2216 ,
2521 2151 2615 2221 qui
2644 2151 2826 2206 minor
2853 2160 2937 2206 est
2967 2150 3187 2205 Christo
3210 2190 3226 2213 ,
3258 2153 3502 2222 suscepit
3527 2167 3708 2222 popuo

2125 2244 2233 2307 lus,
2273 2252 2530 2311 reputans
2559 2250 2614 2295 et
2640 2241 2889 2308 cegitans
2920 2256 2990 2295 ne
3017 2239 3158 2295 forte
3204 2240 3323 2309 ipse
3356 2251 3503 2297 esset
3547 2241 3713 2297 Chri-

2125 2345 2245 2390 stus
2270 2351 2286 2401 ;
2312 2347 2440 2387 eum
2473 2346 2623 2398 vero,
2657 2332 2751 2401 qui
2786 2332 2958 2401 major
2990 2332 3083 2386 illo
3106 2343 3348 2398 venerat,
3381 2349 3487 2388 non
3519 2349 3712 2389 susce-

2125 2427 2223 2496 pit.
2258 2424 2350 2480 Vis
2381 2438 2606 2480 causam
2635 2423 2819 2477 scire?
2845 2425 3157 2493 Cognosce:
3191 2422 3411 2480 Joannis
3434 2425 3707 2493 baptisma

2127 2515 2435 2579 videbatur,
2479 2510 2684 2567 Christi
2737 2512 3044 2580 baptismus
3099 2514 3549 2569 invisibilis-erat.
3581 2514 3706 2586 Ego

2126 2605 2288 2671 enim,
2319 2602 2517 2673 inquit,
2547 2600 2755 2671 baptizo
2804 2618 2890 2656 vos
2941 2603 2998 2655 in
3034 2620 3176 2673 aqua
3200 2620 3218 2657 :
3246 2605 3334 2673 qui
3365 2616 3541 2659 autem
3579 2616 3704 2675 post

2128 2713 2209 2751 me
2230 2697 2390 2761 uertit,
2415 2693 2587 2762 major
2628 2710 2707 2747 me
2750 2704 2847 2761 est,
2886 2695 2994 2763 ipse
3042 2710 3131 2748 vos
3180 2695 3467 2765 baptizabit
3500 2696 3710 2765 Spiritu

2128 2796 2314 2843 sancto
2333 2795 2382 2841 et
2411 2785 2543 2857 igni.
2570 2784 2801 2852 Quando
2823 2784 3061 2853 baptizat
3077 2784 3238 2841 Jesus
3262 2786 3468 2855 Spiritu
3493 2796 3707 2851 sancto,

2129 2889 2183 2933 et
2208 2892 2424 2933 rursum
2466 2877 2686 2947 quando
2723 2876 2846 2945 igne
2870 2875 3147 2944 baptizat?
3182 2874 3435 2948 Nunquid
3492 2894 3598 2933 uno
3623 2888 3711 2932 al-

2132 2986 2240 3040 que
2272 2971 2462 3026 eodem
2498 2982 2740 3039 tempore
2766 2966 2972 3037 Spiritu
2999 2978 3052 3023 et
3077 2970 3188 3037 igni
3224 2971 3485 3040 baptizat,
3518 2988 3586 3026 an
3616 2987 3711 3026 va—

2133 3062 2217 3113 rio
2247 3070 2409 3130 atque
2430 3059 2688 3115 diverso?
2732 3057 2830 3113 Vas
2857 3071 3031 3113 autem
3072 3060 3473 3128 baptizabiu.iui
3506 3060 3714 3132 Spiritu

2133 3159 2343 3211 sancto,
2376 3165 2479 3201 nou
2501 3159 2614 3218 post
2645 3148 2841 3203 multas
2864 3147 2956 3201 ltos
2984 3148 3091 3202 dies
3141 3150 3208 3201 ’9.
3263 3147 3533 3219 Baptizati
3580 3166 3714 3208 sunt

2132 3240 2361 3308 apostoli
2411 3248 2533 3309 post
2591 3239 2971 3294 ascensionem
3028 3239 3147 3305 ejus
3182 3241 3249 3293 ad
3285 3245 3455 3298 caelos
3506 3242 3711 3314 Spiritu

2132 3344 2321 3387 sancto
2347 3334 2445 3387 "'z
2475 3333 2620 3403 quod
2665 3340 2846 3387 autem
2884 3333 2993 3404 igni
3027 3332 3230 3387 fuerint
3258 3336 3539 3405 baptizati,
3571 3337 3715 3394 Scri-

2131 3436 2288 3495 ptura
2313 3441 2419 3479 ιιυιι
2447 3429 2733 3481 memorat.
2754 3425 2857 3481 Sed
2876 3428 3147 3496 quomodo
3163 3426 3402 3483 Joannes
3423 3430 3576 3499 juxta
3591 3429 3713 3485 Jor-

2135 3520 2329 3572 danem
2363 3518 2586 3573 ﬂuvium
2623 3519 2901 3574 venientes
2944 3521 3009 3573 ad
3064 3520 3394 3588 baptismum
3436 3524 3711 3590 praestolaa

2137 3608 2318 3674 batur,
2341 3616 2394 3662 et
2408 3609 2545 3663 alios
2557 3609 2826 3678 abigebat,
2852 3609 3039 3669 dicens
3060 3628 3072 3664 :
3094 3610 3376 3666 Generatio
3395 3616 3707 3682 viperarum,

2136 3711 2190 3758 et
2222 3705 2466 3773 reliqua;
2522 3720 2688 3775 porro
2713 3720 2808 3759 eos
2834 3706 2927 3775 qui
2959 3707 3358 3762 conﬁtebantur
3396 3709 3524 3764 vitia
3549 3718 3709 3780 atque

2139 3806 2393 3864 peccata,
2427 3796 2805 3865 suscipiebat:
2846 3797 2928 3853 sic
2976 3799 3140 3852 stabit
3183 3799 3240 3853 in
3292 3800 3449 3869 igneo
3488 3799 3711 3856 ﬂumine

2139 3884 2399 3940 Dominus
2426 3884 2588 3941 Jesus
2623 3888 2777 3955 juxta
2828 3887 3130 3941 ﬂammeam
3182 3890 3511 3960 romphaeam
3542 3892 3558 3921 ¹
3583 3933 3599 3958 ,
3650 3901 3710 3946 ιιι

2138 3992 2522 4046 quemcunque
2573 3978 2686 4051 (69)
2739 3987 2863 4049 post
2910 3979 3114 4034 exitum
3149 3980 3271 4036 vita:
3302 3983 3483 4053 hujus,
3509 3984 3601 4054 qui
3642 3984 3708 4037 ad

2142 4068 2452 4136 paradisum
2489 4071 2722 4126 transire
2759 4070 3051 4133 desiderat,
3078 4080 3132 4125 et
3151 4073 3469 4142 purgatione
3487 4075 3710 4144 indiget,

1161 4184 1207 4215 ⁸⁸
1250 4183 1393 4239 Psal.
1421 4198 1640 4237 exurit
1674 4224 1688 4245 ,
1724 4184 1774 4235 l.
1842 4182 1887 4215 ⁸⁸
1937 4179 2027 4235 Ps:

2132 4197 2346 4246 CXLVIII,
2388 4182 2440 4244 Δ,
2472 4183 2525 4246 5,
2602 4182 2648 4215 ⁹⁰
2678 4183 2805 4236 ibid.
2836 4182 2891 4237 2.
2957 4186 3000 4216 ⁹¹
3034 4182 3174 4238 Psal.
3211 4199 3328 4245 cut,
3356 4184 3445 4242 22.
3519 4187 3565 4218 ”
3588 4203 3705 4246 can.

947 4254 992 4285 ⁸³
1018 4254 1145 4305 ibid.
1188 4254 1274 4314 12,
1308 4255 1391 4308 Li.
1470 4253 1727 4306 "Matth.
1761 4268 1919 4315 xvm,
1961 4250 2027 4304 10

947 4325 1072 4377 .11.
1150 4324 1195 4355 ⁹⁹
1228 4325 1349 4377 Act.
1380 4324 1493 4377 1.5.
1571 4324 1639 4354 ’"
1689 4328 1810 4376 Act.
1858 4338 1917 4377 ιι.
1976 4321 2027 4374 4.

2132 4255 2218 4376 “CI
2246 4252 2373 4306 Cor.
2405 4269 2482 4318 ιιι,
2518 4252 2570 4307 5.
2650 4252 2695 4284 "
2721 4251 2881 4307 Joan.
2930 4270 2967 4320 ι,
3015 4253 3105 4308 52.
3182 4255 3225 4284 ¹⁹⁷
3252 4255 3314 4308 IV
3345 4255 3475 4326 Reg.
3501 4272 3584 4322 v1,
3624 4250 3708 4315 l7.

2207 4340 2296 4377 en.
2331 4337 2410 4375 ιιι.

456 4420 768 4474 deridicula:
789 4420 1049 4476 doctrina:
1093 4422 1250 4492 quasi
1283 4419 1711 4492 consectarium,
1748 4435 1857 4492 qua
1907 4434 2031 4487 pec-
2063 4425 2106 4480 D
2134 4420 2278 4492 enim
2320 4419 2523 4492 dudum
2556 4418 2743 4492 homil.
2772 4419 2838 4492 l2
2860 4421 3269 4488 pronuntiasset
3297 4421 3590 4492 unicuique
3614 4423 3712 4478 hoo

457 4505 582 4543 care
622 4505 779 4557 posse
807 4493 1029 4559 angelos
1061 4489 1271 4550 statuit,
1292 4504 1592 4558 eorumque
1621 4489 1857 4543 olﬁcium
1893 4504 2030 4542 non-
2070 4520 2071 4523 η

459 4560 562 4612 nisi
590 4574 653 4612 ex
683 4562 876 4615 merito
905 4570 1155 4615 constare
1189 4579 1201 4613 :
1239 4561 1383 4615 unde
1413 4568 1466 4611 et
1495 4560 1835 4612 adversarias
1880 4569 2031 4627 pote-

458 4640 623 4682 states
655 4641 871 4699 propter
902 4631 1230 4685 oﬂ‘ensiones
1263 4629 1575 4682 hominibus
1606 4628 1878 4699 prazbitas.
1905 4644 2029 4699 cor-

459 4715 561 4767 pus
594 4697 777 4754 su’bire
806 4702 1127 4763 humanum,
1162 4700 1215 4752 iu
1247 4714 1421 4767 eoque
1442 4713 1631 4768 pinnas
1662 4698 1844 4761 luere,
1874 4707 1927 4751 et
1954 4697 2033 4749 vi-

458 4769 643 4822 cissim
669 4785 735 4823 ex
766 4770 987 4824 humani
1019 4771 1236 4839 generis
1269 4770 1459 4822 ordine
1480 4768 1631 4837 scligi
1656 4768 1889 4828 animas,
1913 4784 2035 4836 quite

459 4847 583 4907 post
609 4840 707 4893 rite
736 4842 926 4908 pieque
945 4856 1224 4894 emensum
1261 4840 1312 4892 in
1351 4841 1509 4893 terris
1539 4842 1659 4892 vine
1677 4839 2031 4908 curriculum,

462 4905 515 4959 iu
552 4905 868 4978 angelorum
896 4913 1141 4964 ordinem
1175 4920 1549 4964 assumantur.
1587 4909 1779 4961 Noster
1836 4905 2031 4960 lliero-

461 4977 678 5048 nymus,
733 4989 790 5032 ut
828 4980 962 5048 alios
1008 4995 1152 5033 nunc
1205 4981 1658 5048 praetermittam,
1711 4978 1762 5029 in
1821 4977 2029 5045 praefat.

462 5046 754 5102 Comment.
802 5049 856 5101 in
908 5046 1230 5101 Malachiam
1258 5088 1273 5111 ,
1327 5058 1490 5118 atque
1519 5049 1647 5103 alibi
1692 5062 1833 5116 sape
1869 5048 2034 5100 hocce

461 5117 728 5188 abnorme
753 5118 1011 5187 placitum
1052 5119 1356 5188 impugnat.

534 5188 648 5259 (67)
687 5186 805 5253 Hic,
840 5186 1374 5259 quemadmbdnmst
1399 5188 1619 5248 laudato
1676 5189 2034 5259 Apoealypsis

463 5256 929 5328 loco,angelorum
953 5259 1175 5312 nomine
1193 5297 1208 5319 ,
1236 5258 1542 5327 episcopos,
1563 5267 1633 5328 et
1658 5256 2030 5313 sacratnénto-

465 5342 586 5382 runt
611 5327 892 5383 ministros
925 5328 1222 5397 designari,
1250 5329 1532 5382 verissime
1560 5327 1883 5396 interpretes
1914 5329 2030 5395 ple-

467 5398 621 5467 rique
649 5413 839 5453 omncs
864 5399 1077 5462 docent,
1112 5401 1398 5466 inepteque
1430 5397 1564 5450 adeo
1578 5397 1838 5467 Origenes
1864 5414 2030 5464 argu-

467 5477 759 5522 mentatur.
786 5468 1054 5522 Caeterum
1090 5483 1264 5535 neque
1289 5468 1338 5520 id
1361 5476 1567 5520 certum
1604 5467 1858 5521 habuisse
1887 5469 2036 5519 vide—

469 5546 577 5599 tur,
605 5537 903 5606 singulisne
927 5537 1264 5599 lietninibus,
1298 5554 1364 5590 au
1399 5536 1600 5591 Christi
1638 5537 1794 5591 tidem
1850 5538 2030 5589 solum

471 5607 745 5677 professis.
775 5615 828 5660 ct
863 5607 1065 5663 sanctis
1087 5618 1274 5662 custos
1299 5607 1523 5677 augt-lus
1550 5608 1887 5677 assignetur;
1911 5623 2034 5659 cum

2140 4490 2347 4543 minnm
2383 4489 2523 4542 duos
2550 4488 2769 4557 pradici,
2805 4491 3005 4543 bonum
3041 4507 3242 4555 unum,
3276 4504 3332 4545 et
3356 4488 3583 4545 alterum
3627 4510 3716 4549 ne-

2139 4569 2429 4630 quatn;uet
2491 4568 2888 4630 nuucrcpetal,
2927 4561 3105 4614 adesse
3148 4561 3361 4630 angelos
3411 4579 3513 4615 non
3545 4564 3714 4617 solum

2139 4626 2458 4702 generaliter
2507 4628 2649 4680 omni
2684 4626 2934 4683 Ecclesia
2962 4671 2976 4691 ,
3013 4633 3103 4684 sed
3149 4626 3311 4702 etiam
3367 4633 3714 4702 singillatim;

2143 4699 2328 4752 subdit
2361 4707 2561 4758 tamen,
2589 4709 2869 4766 prwsentes
2898 4716 3010 4753 esse
3051 4701 3106 4752 in
3153 4700 3392 4755 Ecclesia
3453 4699 3715 4756 duntaxat

2141 4784 2258 4838 qua:
2287 4776 2613 4840 meretur,et
2645 4768 2845 4840 Christi
2881 4780 2998 4823 est:
3054 4770 3108 4823 in
3157 4786 3323 4840 quam
3355 4772 3555 4840 sa‘pius
3587 4773 3714 4827 alibi

2145 4839 2466 4911 sententiam
2524 4838 2786 4911 libentius
2821 4841 3087 4895 concedit.
3147 4838 3275 4894 Vide
3306 4838 3446 4911 qua!
3477 4841 3619 4896 infra
3647 4844 3714 4896 ad

2142 4908 2330 4961 homil.
2368 4908 2436 4961 53
2471 4908 2819 4963 adnotamus.

2211 4979 2321 5048 (es)
2357 4976 2551 5031 llrcole
2586 4979 2831 5048 proxime
2862 4978 3247 5048 praecedentem
3286 4981 3713 5037 adnotationem.

2139 5045 2486 5124 C_l.‘Hueti_us
2540 5051 2713 5124 hocce
2752 5045 3007 5117 Origenis
3058 5050 3396 5118 paradoxum
3459 5054 3716 5124 singulari

2140 5118 2533 5184 disceptatione
2562 5117 2819 5184 exagitat.

2211 5187 2322 5254 (69)
2356 5186 2611 5261 Notatum
2659 5186 3027 5261 Cenebrardo,
3086 5189 3370 5261 doctisque
3394 5192 3518 5246 aliis
3558 5193 3712 5257 viris,

2139 5259 2513 5327 purgator-ium
2549 5258 2726 5327 ignem
2753 5267 2877 5327 post
2903 5260 3024 5312 vita:
3057 5260 3260 5313 exitum
3284 5258 3437 5316 'satis
3463 5262 3715 5316 luculen-

2144 5339 2223 5380 ter
2251 5329 2354 5400 h_oc
2392 5326 2705 5381 testimonio
2756 5326 3152 5400 Adamantium
3202 5331 3463 5400 proﬁteri.
3497 5332 3717 5388 Addere

2141 5396 2348 5469 possim
2373 5411 2484 5469 ego
2507 5407 2761 5451 sexcenta
2795 5398 2901 5451 alia
2943 5400 3092 5462 loca,
3124 5396 3323 5468 quibus
3379 5401 3518 5454 idem
3550 5417 3714 5469 aper—

2141 5466 2351 5538 tissime
2374 5466 2651 5538 declarat:
2691 5482 2865 5536 neque
2906 5470 3051 5522 enim
3093 5466 3331 5538 unquam
3375 5470 3427 5524 id
3495 5466 3712 5524 crimini

2142 5536 2328 5609 datum
2358 5536 2779 5609 Origeni,iqno‘d
2839 5536 3210 5609 purgatorium
3270 5548 3495 5609 negaret
3548 5554 3713 5605 esse;

2145 5606 2240 5660 Sed
2272 5607 2578 5659 ccoutrario
2604 5608 2706 5661 hoc
2740 5607 2938 5677 ipsum,
2960 5606 3109 5677 quod
3149 5622 3251 5663 suo
3311 5606 3475 5664 modo
3506 5610 3714 5663 cenati.
