4084 6302
299 414 325 467 1
337 415 449 471 865

1509 411 1575 466 IN
1610 410 1850 467 LUCAM
1886 409 2170 466 ilOMILIA
2201 407 2365 465 XXV.

3429 407 3582 465 l86b

294 534 413 588 hoc
443 547 569 586 eum
591 547 752 588 amne
799 531 1054 602 baptizet,
1083 539 1138 586 et
1166 529 1232 585 ad
1281 529 1465 599 cupita
1499 529 1833 583 transmittat
1862 544 1876 581 :
1907 532 1952 589 Α
1983 527 2142 582 bebat
2173 527 2478 589 sacculum,
2515 540 2622 578 non
2657 524 2941 592 famulum,
2980 541 3086 580 non
3120 526 3308 580 saltem
3345 526 3446 581 vile
3473 536 3563 582 tu-
3598 507 3608 516 ⁵

295 636 434 676 eum
471 637 620 688 veru,
647 622 740 691 qui
777 635 884 674 non
922 619 1086 674 habet
1129 617 1346 686 signum
1395 617 1638 685 priurum
1676 613 1884 682 baptis-

296 721 541 771 malum,
570 711 786 764 lavacro
823 708 980 779 igneo
1027 723 1136 762 non
1165 707 1329 779 962
1369 706 1627 776 baptizet.
1660 703 1889 772 Oportet

291 803 454 860 enim
501 803 654 872 prius
682 801 920 871 aliquem
962 799 1226 870 baptizari
1274 813 1416 868 aqua
1448 809 1503 852 et
1543 796 1737 866 spiritu
1764 835 1780 861 ,
1829 804 1889 850 ut

292 909 432 950 cum
483 892 550 946 ad
613 891 829 961 igneum
874 889 1101 944 ﬂuvium
1137 889 1385 952 venerit,
1421 885 1674 942 ostendat
1728 899 1789 942 se
1833 893 1891 940 et

293 998 462 1054 aqua:
487 992 541 1038 et
572 983 796 1052 spiritus
823 981 1036 1036 lavacra
1065 994 1334 1043 servasse,
1361 988 1416 1034 et
1441 986 1573 1033 tunc
1613 985 1888 1031 mereatur

294 1077 470 1132 etiam
504 1075 645 1146 ignis
697 1072 945 1142 accipere
992 1072 1325 1142 baptismum
1357 1070 1412 1125 in
1443 1068 1664 1125 Christo
1709 1066 1838 1123 Jcsu
1871 1086 1884 1121 :

294 1168 396 1224 cui
445 1174 531 1220 est
574 1164 744 1237 gloria
789 1173 846 1220 et
886 1163 1176 1234 imperium
1213 1163 1267 1218 in
1301 1161 1502 1220 szecula
1535 1161 1886 1218 saeculorum.

298 1259 502 1313 Amen.

855 1346 1144 1404 HOMILIA
1174 1344 1342 1400 XXV.

300 1439 384 1496 De
414 1439 714 1510 Suspicione
733 1455 910 1508 .quam
955 1437 1176 1510 habebat
1203 1436 1426 1510 populus
1449 1437 1512 1490 de
1546 1434 1776 1502 Joanne,
1813 1451 1874 1488 ne

581 1511 719 1579 forte
742 1503 852 1579 ipse
884 1517 1018 1563 esset
1051 1503 1314 1562 Christus.
1343 1503 1477 1576 Cap.
1508 1521 1588 1560 ιιι.

375 1623 551 1678 liabet
584 1623 885 1694 periculum
908 1631 964 1677 et
983 1621 1223 1687 dilectio,
1269 1619 1317 1676 si
1368 1618 1592 1675 modum
1622 1627 1888 1676 transeat.

303 1711 476 1770 Debet
501 1715 648 1769 enim
676 1713 770 1784 qui
797 1713 1034 1783 aliquem
1068 1711 1276 1782 diligit,
1306 1719 1533 1765 naturas
1585 1719 1640 1766 et
1689 1723 1888 1766 causas

310 1808 668 1863 considerare
701 1805 904 1872 dilecti,
937 1814 990 1860 et
1019 1819 1126 1859 non
1153 1819 1278 1859 eum
1309 1803 1433 1872 plus
1465 1802 1691 1872 diligere
1721 1817 1887 1872 quam

1992 617 2230 687 gurium.
2262 616 2580 671 Morabatur
2613 616 2666 670 in
2694 616 2916 671 deserto
2947 631 3056 670 non
3093 616 3270 671 solum
3303 633 3475 687 usque
3495 619 3567 676 ad

1991 709 2136 764 diem
2171 709 2504 764 ostensionis
2531 723 2646 763 sua?
2674 709 2741 762 ad
2777 707 2964 772 Israel,
2992 725 3176 762 verum
3210 725 3275 762 cu
3303 719 3567 780 tempore,

1991 815 2102 870 quo
2133 799 2508 870 paenitentiam
2539 799 2739 869 populo
2768 799 3114 867 praedicabat,
3139 810 3256 855 erat
3289 801 3342 854 in
3377 802 3569 856 solitu-

1992 893 2122 948 dine
2149 891 2368 960 Judaeae,
2392 903 2445 948 et
2469 907 2611 961 aqua
2647 890 2880 959 simplici
2911 890 3265 962 irrigabatur,
3309 902 3371 948 ut
3417 903 3473 949 ct
3514 893 3572 949 in

1993 993 2120 1053 potu
2156 993 2299 1038 esset
2319 983 2570 1037 diversus
2593 997 2623 1035 a
2651 981 2882 1037 cancris.
2909 980 3018 1037 Nos
3047 984 3140 1053 qni
3182 998 3464 1038 versamur
3514 981 3572 1038 in

1993 1074 2248 1137 urbibus,
2279 1074 2373 1144 qui
2399 1074 2452 1127 in
2488 1072 2669 1127 medio
2697 1073 3018 1142 populorum
3049 1089 3264 1135 sumus,
3293 1085 3348 1128 et
3395 1083 3574 1132 vestes

1993 1165 2293 1234 quarrimus
2325 1165 2608 1230 lautiores,
2639 1171 2692 1218 et
2716 1163 2888 1228 cibos,
2929 1173 2979 1218 et
3024 1164 3225 1218 habilia
3255 1163 3368 1236 (70)
3406 1183 3420 1219 :
3479 1165 3572 1221 illo

1994 1271 2123 1310 vero
2175 1256 2269 1325 qui
2304 1256 2358 1308 in
2407 1270 2593 1310 eremo
2620 1255 2938 1310 morabatur
2960 1295 2976 1322 ,
3028 1255 3204 1310 videte
3227 1257 3374 1327 quali
3403 1257 3574 1314 vesti-

1996 1356 2182 1402 mento
2208 1346 2433 1402 indutus
2470 1347 2652 1401 fuerit.
2682 1346 2757 1402 De
2798 1347 2924 1416 pilis
2959 1348 3292 1403 camelorum
3327 1349 3432 1405 sibi
3486 1359 3574 1405 tu-

1995 1437 2177 1497 nicam
2208 1438 2440 1505 fecerat,
2473 1446 2530 1493 et
2558 1452 2691 1493 zona
2717 1438 2936 1507 pellicea
2989 1440 3325 1512 cingebatur.
3379 1440 3576 1497 Omnia

1995 1543 2129 1599 ergo
2163 1529 2219 1583 in
2264 1529 2356 1584 illo
2401 1536 2692 1594 noverant,
2727 1537 2782 1583 et
2811 1538 3033 1598 propter
3071 1531 3574 1588 dissimilitudinem

1997 1622 2123 1676 vita:
2145 1621 2386 1677 universi
2418 1621 2510 1690 qui
2540 1620 2819 1683 videbant,
2849 1621 3262 1677 admirabantur
3289 1639 3415 1680 eum
3447 1666 3462 1691 ,
3522 1638 3579 1684 et

1998 1713 2260 1769 mirantes
2299 1713 2704 1770 studiosissime
2729 1713 3000 1779 colebant,
3025 1729 3190 1785 super
3214 1716 3400 1773 omnia
3428 1719 3576 1789 quod

1997 1806 2326 1873 poenitentes
2358 1805 2412 1859 in
2445 1805 2825 1860 remissionem
2868 1816 3216 1874 peccatorum
3246 1807 3575 1878 baptizabat.

307 1909 572 1954 meretur.
602 1897 738 1952 Nam
773 1897 819 1952 si
843 1909 1157 1950 mensuram
1185 1894 1500 1958 cbaritatis,
1551 1893 1888 1963 modumque
1927 1888 1969 1943 Β
1998 1895 2146 1961 Quas
2170 1894 2242 1949 ob
2274 1910 2474 1950 causas
2501 1894 2798 1966 diligebant
2831 1897 3050 1966 quidem
3078 1913 3203 1954 eum
3227 1900 3532 1971 iustissime
3557 1944 3577 1970 ,

302 1990 722 2055 transcenderit,
745 1998 801 2044 et
819 1987 911 2058 qui
939 1986 1132 2058 diligit,
1162 1994 1216 2041 et
1241 1986 1335 2056 qui
1365 1985 1611 2055 diligitur
1631 2025 1648 2052 ,
1675 1984 1730 2040 in
1764 1999 1891 2054 pec-

302 2092 428 2138 cato
455 2091 638 2138 erunt.
663 2079 818 2147 Quod
849 2088 910 2134 ut
927 2077 1272 2134 manifestius
1294 2076 1386 2132 iiat
1408 2091 1680 2148 ponamus
1707 2091 1891 2132 exem-

304 2173 478 2240 plum.
506 2169 772 2226 Joannem
795 2167 1029 2238 populus
1046 2167 1370 2233 mirabatur,
1383 2175 1439 2221 et
1454 2165 1712 2236 diligebat
1731 2179 1855 2220 eum
1873 2183 1886 2220 :

305 2272 361 2320 et
385 2277 572 2318 revera
591 2270 708 2315 erat
732 2260 930 2330 dignus
968 2257 1254 2322 miraculo,
1286 2266 1346 2311 ut
1369 2256 1492 2326 plus
1523 2255 1571 2310 ei
1599 2270 1763 2326 quam
1787 2270 1894 2310 ca:-

308 2354 439 2410 teris
471 2352 786 2408 hominibus
821 2349 1148 2416 deferretur,
1175 2348 1306 2418 quia
1330 2348 1488 2402 aliter
1518 2362 1684 2418 quam
1710 2346 1891 2402 cuncti

309 2446 565 2500 mortales
590 2444 816 2498 vixerat.
848 2439 968 2496 Non
995 2454 1186 2495 omnes
1221 2455 1416 2495 sumus
1457 2439 1694 2508 simplici
1751 2454 1889 2496 eon-

307 2536 440 2592 tenti
473 2536 620 2600 cibo,
649 2534 744 2590 sed
768 2533 1028 2588 varietate
1055 2531 1392 2586 delectamur
1407 2544 1696 2586 escarum:
1721 2546 1892 2586 unum

307 2628 468 2682 nobis
499 2627 566 2681 ad
597 2625 894 2696 potandum
928 2624 1115 2677 vinum
1143 2621 1361 2686 sullicit,
1393 2621 1532 2676 varii
1556 2629 1750 2691 gustus
1767 2621 1894 2678 vina

307 2734 644 2775 mercamur.
676 2715 916 2771 Joannes
944 2729 1072 2771 vero
1099 2728 1313 2784 semper
1358 2713 1587 2770 locustis
1614 2751 1630 2778 ,
1680 2728 1897 2783 semper

303 2809 632 2867 vescebatur
671 2807 831 2862 melle
861 2805 1134 2872 silvestri,
1179 2808 1247 2860 et'
1263 2814 1556 2862 contentus
1604 2812 1723 2859 erat
1759 2804 1893 2860 sim-

305 2902 436 2974 plici
469 2909 526 2958 et
553 2900 702 2956 tenui
727 2900 874 2964 cibo,
897 2915 966 2954 ne
993 2913 1194 2968 corpus
1211 2899 1358 2954 illius
1383 2897 1750 2954 crassioribns
1775 2898 1898 2968 pul-

308 2993 522 3050 mentis.
543 2993 924 3062 pinguesceret
946 3030 961 3056 ,
998 2999 1053 3045 et
1083 2990 1373 3060 exquisitis
1407 2990 1644 3059 dapibus
1697 3005 1894 3062 grava—

309 3095 500 3150 ntur;
561 3081 879 3152 huiusmodi
939 3079 1140 3149 quippe
1184 3090 1380 3135 natura
1429 3094 1660 3149 corpora
1709 3091 1898 3138 nostra

310 3179 462 3234 sunt,
497 3178 556 3224 ut
575 3170 720 3225 escis
753 3167 1042 3238 superfluis
1074 3179 1477 3238 aggraventur:
1511 3179 1567 3224 et
1613 3183 1738 3225 cum
1765 3187 1891 3226 eor-

309 3279 413 3335 pus
441 3261 607 3318 fuerit
630 3270 1002 3332 aggravatum,
1026 3261 1208 3315 anima
1231 3275 1450 3331 quoque
1466 3269 1744 3327 oneretur,
1769 3279 1894 3333 qua:

311 3373 413 3426 per
446 3365 622 3411 totum
656 3354 854 3411 diffusa
899 3370 1101 3425 corpus
1153 3353 1500 3423 passionibus
1534 3353 1680 3408 illius
1707 3355 1891 3425 subia-

309 3457 416 3504 cet.
443 3447 808 3513 Quamobrem
839 3455 986 3500 recte
1013 3445 1326 3513 praeipitur
1356 3443 1438 3496 eis
1460 3442 1555 3509 qui
1597 3443 1890 3500 observare

311 3547 542 3609 possunt
568 3556 582 3591 :
617 3537 825 3590 Bonam
853 3545 930 3589 est
952 3551 1054 3588 non
1081 3533 1402 3586 manducare
1433 3546 1676 3596 carnem,
1729 3548 1892 3602 neque

308 3632 483 3684 bibere
506 3629 702 3690 vinum,
726 3643 887 3695 neque
904 3627 959 3679 in
981 3642 1082 3694 quo
1103 3625 1272 3694 frater
1291 3632 1414 3676 tuus
1436 3621 1829 3676 scandalizetur
1844 3625 1884 3676 ⁸.

314 3719 444 3773 Erat
478 3719 642 3789 igitur
667 3715 908 3771 Joannes
963 3715 1086 3770 vitae
1119 3712 1389 3768 mirabilis
1445 3720 1502 3767 et
1549 3712 1781 3767 multum
1818 3713 1889 3768 ab

311 3810 545 3863 aliorum
576 3808 860 3863 hominum
893 3805 1307 3862 conversatione
1340 3805 1611 3860 diversus.
1649 3803 1767 3860 Non
1787 3805 1884 3860 ha-

1995 1987 2091 2043 sed
2115 2002 2223 2042 non
2256 1986 2551 2042 servabant
2571 1987 2626 2043 in
2648 1987 2916 2043 eharitate
2945 1989 3169 2045 modum
3197 2009 3212 2046 :
3267 1994 3582 2064 cogitabant

1994 2081 2140 2136 enim
2177 2094 2245 2134 ne
2273 2077 2414 2134 forte
2444 2079 2559 2149 ipse
2591 2076 3042 2137 esset'Christus.
3089 2080 3264 2148 Quam
3299 2084 3579 2140 inordina-

1996 2180 2108 2224 tam
2135 2177 2190 2224 et
2225 2169 2654 2225 irrationabilem
2706 2169 3029 2226 charitatem
3065 2187 3272 2229 cavens
3300 2177 3584 2244 apostolus

1997 2256 2204 2314 Paulus
2234 2259 2302 2313 de
2321 2259 2620 2328 semetipso
2649 2257 2976 2329 loquebatur
3001 2259 3022 2292 ³
3048 2277 3062 2314 z
3105 2259 3286 2317 Timeo
3312 2274 3489 2318 autem
3518 2281 3583 2320 ne

1997 2351 2117 2420 quis
2144 2350 2210 2404 de
2242 2366 2322 2404 me
2341 2351 2534 2420 cogitet
2569 2367 2726 2421 super
2747 2352 2804 2406 id
2827 2351 2966 2423 quod
2998 2352 3213 2407 videtin
3247 2369 3348 2419 me,
3367 2364 3461 2409 aut
3483 2373 3584 2410 au-

1998 2441 2078 2495 dit
2103 2457 2170 2496 ea:
2194 2457 2292 2506 me,
2317 2451 2366 2496 et
2397 2457 2459 2496 ne
2489 2443 2800 2514 magnitudo
2827 2443 3206 2498 revelationum
3229 2446 3452 2500 extollat
3477 2465 3577 2508 me.

1964 2575 1969 2580 .
1997 2543 2105 2589 etc.
2137 2532 2297 2600 Quod
2329 2543 2577 2590 metuens
2602 2550 2671 2590 ne
2695 2535 2862 2590 etiam
2889 2536 3005 2606 ipse
3034 2536 3310 2602 incurrat,
3362 2538 3580 2594 nolebat

1999 2624 2186 2680 omnia
2233 2624 2301 2680 de
2346 2640 2408 2681 se
2451 2625 2699 2695 judicare
2741 2641 2864 2696 quae
2893 2635 3076 2692 norat,
3103 2641 3172 2682 ne
3200 2627 3324 2697 quis
3361 2643 3428 2684 eo
3458 2629 3582 2699 plus

1999 2713 2295 2769 arbitretur
2323 2729 2446 2771 esse
2477 2731 2643 2784 quam
2673 2725 2944 2782 cerneret,
2967 2726 3021 2771 et
3052 2731 3370 2772 mensuram
3405 2717 3581 2773 bono-

1999 2805 2079 2862 ris
2108 2807 2399 2872 excedens,
2423 2807 2630 2862 diceret
2653 2807 2800 2873 quod
2823 2807 3029 2862 dictum
3055 2806 3232 2864 fuerat
3260 2809 3327 2864 de
3347 2807 3578 2876 Joanne,

2003 2899 2134 2970 quia
2163 2899 2281 2970 ipse
2333 2911 2481 2956 esset
2537 2899 2816 2956 Christus.
2875 2899 3030 2967 Quod
3074 2903 3294 2974 quidem
3329 2903 3585 2960 nonnulli

1997 2995 2168 3049 etiam
2194 2993 2261 3049 de
2304 2991 2563 3048 Dositheo
2598 2993 2712 3062 (7i)
2768 2993 3166 3051 Samaritarum
3214 2995 3584 3065 haeresiarcha

2003 3082 2286 3149 dixerunt,
2319 3082 2563 3138 aliivero
2613 3083 2684 3139 de
2735 3081 2874 3138 Juda
2931 3083 3181 3142 Galilaeo.
3233 3084 3473 3158 Denique
3525 3087 3582 3144 in

2003 3181 2210 3227 tantam
2273 3174 2496 3242 quidam
2571 3174 2885 3228 dilectionis
2959 3177 3247 3232 audaciam
3311 3194 3582 3250 prorupe-

1999 3271 2168 3328 runt,
2216 3271 2278 3316 ut
2305 3278 2444 3317 nova
2475 3263 2726 3333 quadam
2779 3272 2835 3318 et
2887 3265 3132 3321 inaudita
3182 3283 3348 3337 super
3405 3267 3578 3323 Paulo

1997 3361 2246 3407 monstra
2292 3355 2684 3423 contingerent.
2723 3355 2830 3408 Alii
2873 3355 3019 3410 enim
3067 3356 3224 3412 aiunt
3275 3357 3378 3414 hoe
3435 3361 3582 3430 quod

1999 3443 2266 3512 scriptum
2309 3452 2428 3506 est,
2477 3445 2669 3498 sedere
2711 3459 2742 3497 a
2775 3443 2983 3499 dextris
3029 3445 3332 3504 Salvatoris
3359 3455 3414 3504 et
3442 3449 3581 3506 siui-

1998 3535 2150 3597 stris,
2181 3534 2249 3588 de
2290 3532 2460 3588 Paulo
2497 3543 2553 3589 et
2598 3535 2667 3590 de
2711 3534 2986 3590 Mareione
3022 3535 3158 3602 dici,
3190 3541 3336 3607 quod
3376 3539 3581 3598 Paulus

1998 3626 2152 3680 sedet
2197 3639 2228 3678 a
2275 3625 2505 3690 dextris,
2549 3625 2754 3679 Marcio
2801 3624 2989 3680 sedeat
3024 3641 3055 3680 a
3099 3627 3359 3684 sinistris.
3405 3631 3580 3688 Porro

1996 3715 2085 3770 alii
2129 3716 2369 3786 legentes
2409 3715 2430 3746 ⁸
2467 3729 2480 3766 :
2517 3715 2736 3768 Mittam
2780 3716 2924 3770 vobis
2973 3718 3289 3774 advocatum
3316 3721 3578 3792 Spiritum

1995 3808 2262 3875 veritatis,
2310 3808 2505 3862 nolunt
2548 3793 2849 3877 intelligere
2895 3808 3108 3863 tertiam
3142 3811 3256 3882 (72)
3289 3828 3574 3882 personam

382 3924 404 3954 ⁸
433 3920 591 3974 Rern.
629 3935 741 3985 xlv,
766 3919 856 3974 2i.
899 3919 920 3951 ⁸
949 3919 991 3974 ll
1021 3919 1146 3975 Cor.
1175 3936 1281 3987 xu,
1309 3919 1362 3988 6,
1401 3921 1451 3975 7.
1531 3921 1554 3953 ‘
1579 3919 1870 3991 Joanxxtv,
1903 3919 1968 3975 16
2015 3945 2032 3955 ·

313 4039 476 4092 tuerit
501 4057 515 4091 :
540 4036 614 4090 ita
646 4051 860 4105 nempe,
895 4045 952 4090 ut
995 4052 1101 4090 non
1134 4035 1298 4089 alium
1346 4035 1524 4105 ignem
1552 4075 1567 4096 ,
1629 4051 1735 4090 non
1771 4036 1877 4091 alia

312 4108 576 4176 supplicia
618 4117 872 4160 maneant
901 4106 1106 4176 quan-is
1137 4105 1373 4176 admissa
1401 4106 1606 4159 scelera
1641 4147 1656 4171 ,
1701 4122 1878 4176 quam

311 4175 609 4246 purgatorii
648 4194 660 4229 :
701 4191 876 4245 neque
900 4176 1034 4230 adeo
1057 4175 1180 4230 aliis
1211 4175 1744 4246 quam_temporariis
1773 4185 1884 4230 tor-

312 4243 513 4300 inentis
541 4247 742 4315 putarit
792 4243 1005 4300 animas
1051 4246 1320 4315 torqueri.
1372 4243 1530 4312 Quod
1565 4259 1695 4315 vero
1726 4246 1880 4300 nefa-

312 4318 448 4371 riam
478 4313 596 4370 eain
627 4318 927 4370 doctrinam
955 4315 1043 4370 hic
1073 4313 1288 4384 quoque
1310 4314 1412 4368 loci
1435 4313 1705 4383 propinet,
1731 4316 1886 4385 equi-

309 4387 430 4441 dem
463 4388 730 4440 aﬂirmare
759 4401 864 4440 non
894 4385 1092 4447 ausim,
1118 4399 1240 4438 nam
1273 4384 1373 4438 etsi
1407 4384 1883 4453 quemcunque,’di-

309 4465 417 4519 cat,
459 4466 574 4525 post
605 4457 805 4510 exitum
830 4457 948 4509 vitae
975 4453 1131 4523 hujus
1162 4455 1258 4525 hoc
1290 4469 1442 4525 omne
1458 4453 1839 4525 baptizandum
1863 4470 1881 4507 :

1989 4033 2266 4088 Dositheus
2295 4033 2514 4102 quidam
2538 4032 2812 4102 Samarita
2839 4033 2950 4086 suis
3005 4033 3324 4102 persuadere
3365 4052 3421 4090 se
3461 4056 3572 4094 esse

1991 4105 2262 4160 Christum
2289 4101 2476 4178 tum,
2499 4119 2652 4178 quem
2682 4101 2886 4178 Moyses
2921 4103 3246 4178 prwdiajerat
3265 4106 3573 4178 ,__vis_usqae

1988 4184 2066 4228 est
2099 4171 2378 4226 nonnullos
2405 4171 2511 4225 sibi
2535 4189 2634 4227 sua
2657 4172 2903 4225 doctrina
2930 4173 3234 4226 conciliare.
3288 4171 3448 4232 Varia
3485 4171 3572 4232 'de

1991 4243 2247 4298 Desitheo
2279 4241 2369 4312 alii
2424 4243 2692 4312 tradunt,_
2713 4257 2874 4309 quem
2905 4257 3006 4297 nec
3048 4242 3151 4312 ipsi
3183 4241 3396 4300 Judaici
3433 4248 3602 4302 seri--

2029 4324 2174 4367 tores
2230 4311 2362 4365 satis
2397 4319 2618 4366 norunt.
2677 4310 2794 4372 Ipse
2832 4312 2994 4365 etiam
3053 4310 3309 4367 aberrare
3357 4315 3570 4372 videtur

2013 4382 2365 4454 lieronvmus
2401 4397 2524 4435 cum
2557 4379 2804 4454 _l)ialogo
2854 4382 3106 4434 adversus
3128 4452 3135 4454 _
3157 4379 3524 4454 Luciferianos
3549 4429 3568 4454 ,

1989 4397 2353 4502 ttleronﬁmus
2401 4397 2524 4435 cum
2579 4397 2804 4450 Utatogo
2854 4397 3106 4434 adversus
3157 4397 3565 4454 Lucqerianos,

1989 4469 2044 4506 ιι.
2076 4452 2168 4516 23,
2241 4449 2515 4520 ositheum
2553 4450 3026 4520 Samaritanorum
3060 4452 3358 4519 principem
3394 4453 3565 4520 facit,

311 4519 488 4605 neque
513 4526 648 4605 adeo
680 4541 846 4605 unum
887 4519 1496 4605 aliquenrexeipiatiut
1522 4519 1686 4605 paulo
1719 4538 1881 4605 ξυρο-
1912 4541 1960 4600 ι)
1986 4519 2398 4605 ιιιιίιριοριοιιξιιιε
2427 4519 2746 4605 repudiarit,
2774 4529 2920 4605 et‘ex
2948 4520 3107 4605 c‘ujus
3147 4522 3329 4605 radice
3358 4519 3563 4605 .orturn

312 4587 428 4648 rius
462 4595 526 4648 ad
557 4595 748 4648 homil.
782 4593 868 4658 14,
903 4587 992 4648 ubi
1023 4595 1089 4648 de
1118 4595 1220 4648 hoc
1250 4587 1370 4661 ipso
1396 4587 1553 4662 igneo
1590 4587 1879 4662 baptismo

311 4665 572 4733 disputat,
600 4664 1106 4734 animadvertimus)
1130 4705 1144 4728 ,
1174 4672 1226 4718 et
1255 4677 1323 4716 ne
1349 4661 1726 4734 sanctissimOS
1751 4663 1878 4732 qui~

309 4731 433 4804 dem
460 4735 626 4794 viros,
651 4735 744 4804 qui
774 4744 868 4788 aut
888 4734 1055 4796 nulla,
1078 4731 1173 4787 aut
1200 4741 1345 4804 certe
1361 4731 1687 4801 temporaria
1719 4731 1878 4804 poena

309 4803 613 4857 lustrantur
646 4801 686 4857 ε’
721 4814 957 4859 attamen
1001 4804 1148 4871 quod
1199 4801 1288 4856 hic
1342 4804 1502 4872 quasi
1555 4802 1876 4872 sententiam

308 4881 633 4942 temperans,
665 4874 866 4940 subdit,
901 4884 948 4928 et
981 4875 1291 4943 purgatione
1319 4873 1566 4943 indiget,
1609 4871 1879 4943 suspicio-

309 4941 435 4995 nem
469 4943 608 4996 tollit
639 4943 864 5008 erroris,
897 4958 1065 5012 seque
1086 4941 1271 4997 innuit
1301 4941 1368 5012 de
1395 4942 1460 4996 iis
1494 4941 1708 5006 dicere,
1757 4941 1878 5010 qui-

309 5012 412 5067 bus
441 5013 666 5068 leviores
698 5014 940 5068 eluendze
965 5010 1072 5067 sint
1095 5013 1285 5081 culpae.
1319 5010 1385 5065 Et
1417 5025 1544 5065 vero
1589 5012 1776 5066 nescio
1806 5026 1878 5064 an

308 5083 450 5137 alius
482 5084 536 5137 in
570 5081 912 5150 Origenianis
933 5081 1321 5150 scriptionibus
1343 5082 1496 5135 locus
1538 5089 1733 5146 exstet,
1784 5081 1877 5150 qui

308 5161 417 5206 tam
448 5150 735 5220 commoda
759 5152 1208 5220 interpretatione
1235 5151 1426 5204 donari
1452 5150 1640 5218 possit.

380 5219 493 5292 (ἶο)
521 5221 782 5292 fortasse
814 5219 1096 5292 legendum
1123 5221 1390 5292 videatur,
1423 5220 1629 5292 altilia.

380 5226 472 5289 (70
526 5226 782 5276 Fortasse
814 5226 1096 5292 legendum
1123 5226 1390 5285 videatur,
1430 5226 1629 5274 altilia.

380 5226 493 5360 (7|;
517 5289 635 5344 Huc
662 5290 976 5346 referendus
999 5292 1222 5344 omnino
1239 5289 1468 5360 insignis
1489 5289 1732 5360 ejusdem
1762 5286 1879 5360 Ori-

303 5362 455 5429 genis
476 5358 650 5415 locus
671 5361 811 5415 libro
847 5377 862 5414 ι
912 5370 1093 5414 contra
1119 5358 1531 5421 Celsumﬂrum.
1558 5359 1648 5425 57,
1678 5360 1770 5427 qui
1798 5358 1878 5414 sic

305 5434 358 5482 in
384 5429 580 5485 Latino
607 5439 799 5485 sonat:
821 5430 1016 5484 Census
1047 5441 1294 5498 tempore,
1318 5429 1528 5498 quando
1551 5437 1754 5498 constat
1783 5445 1878 5498 na-

303 5509 413 5552 tum
435 5516 548 5554 esse
571 5498 772 5565 Jesum,
800 5499 973 5552 Judas
1000 5497 1213 5569 quidam
1242 5497 1542 5552 Galilaeusa
1565 5497 1755 5569 populo
1774 5497 1876 5551 Ju-

300 5569 454 5622 daico
491 5570 759 5638 deﬁciens,
795 5569 987 5623 multos
1013 5568 1194 5622 secum
1234 5571 1400 5622 traxit
1420 5608 1434 5633 ,
1460 5578 1570 5621 tum
1593 5568 1873 5638 sapientia,

301 5653 461 5761 Eam
487 5637 792 5705 simulabat,
829 5649 939 5691 tum
972 5641 1138 5703 novis,
1168 5655 1300 5708 quas
1326 5638 1663 5704 moliebatur,
1701 5637 1873 5691 rebus.

371 5709 406 5760 d
437 5719 716 5761 nostauam
760 5711 868 5761 iuse
915 5710 1122 5761 sceleris
1167 5725 1344 5761 poenas
1394 5707 1558 5761 dedit.
1613 5708 1873 5761 exstincta

371 5709 406 5760 d
435 5719 716 5778 postquam
760 5711 868 5778 ipse
915 5710 1122 5762 sceleris
1167 5707 1344 5778 poenas
1394 5707 1558 5778 dedit,
1613 5708 1877 5762 exstincta

301 5777 484 5832 statim
522 5789 598 5833 est
633 5779 746 5846 ejus
782 5777 1062 5844 doctrina,
1113 5777 1205 5832 nec
1267 5779 1368 5832 nisi
1415 5777 1554 5846 apud
1590 5792 1875 5846 perpaucos

303 5847 498 5905 nullius
532 5848 757 5904 nominis
791 5848 1037 5903 obtinuit.
1072 5847 1197 5901 Post
1223 5846 1351 5904 Jesu
1376 5857 1609 5921 tempora
1641 5846 1801 5904 voluit
1826 5854 1876 5900 et

636 5943 909 6006 PATROL.
943 5942 1061 6004 Gn.
1100 5942 1271 6006 Xlll.

1989 4589 2271 4663 §addueaei
2307 4589 2610 4663 traxerint;
2645 4605 2769 4643 nam
2791 4599 2846 4644 et
2859 4591 3047 4663 _multo
3074 4590 3567 4663 anteaScripturas

1989 4659 2273 4714 Samaritae
2307 4660 2749 4731 repudiaverant,
2783 4669 2832 4731 et
2859 4657 3409 4731 Tsadochoprincip'e
3428 4665 3565 4720 Sad-

1985 4731 2297 4784 duezeorum
2327 4729 2598 4785 recentior
2625 4728 2917 4784 Dositheus
2947 4729 3069 4784 fuit.
3107 4729 3213 4784 Alii
3248 4728 3433 4800 plures
3457 4733 3558 4789 Do-

1986 4800 2194 4854 sitheos
2219 4800 2732 4866 comminiscuntur,
2762 4807 2822 4852 ut
2855 4801 3071 4855 diversa
3101 4811 3344 4855 veterum
3378 4803 3446 4858 de
3495 4819 3564 4859 eo

1985 4869 2297 4923 testimonia
2345 4869 2661 4924 concilient.
2712 4869 2922 4935 Quibus
2966 4869 3220 4924 omnibus
3271 4868 3560 4935 Origenem

2027 4939 2235 5010 raafere,
2260 4951 2496 5006 quocum
2522 4938 2731 5010 faciunt
2759 4947 2814 4992 et
2841 4937 3184 5010 iHegesippus
3211 4941 3354 5010 apud
3372 4937 3563 4998 Euse-

2027 5010 2137 5063 ἰιιιιι
2163 5008 2258 5062 lib.
2283 5023 2357 5070 Iv,
2378 5023 2498 5076 cap.
2531 5008 2636 5074 22;
2673 5007 3035 5063 Theodoritus
3071 5007 3269 5068 Horret}
3307 5007 3421 5076 fab.
3459 5012 3556 5070 lib.

1985 5093 2179 5201 1,1.cap.
2211 5077 2278 5144 ις
2310 5077 2708 5147 Recognitioncs
2743 5077 3006 5134 Clementi
3041 5079 3333 5146 attributae,
3364 5081 3459 5135 lib.
3494 5097 3560 5152 ιι,

1986 5163 2015 5201 3
2043 5163 2207 5201 naue.

1986 5163 2112 5202 atna
2122 5163 2207 5202 ue.

2056 5163 2264 5342 {iiiis
2294 5217 2377 5272 cui
2424 5233 2659 5287 persona:
2696 5216 3016 5272 vocabulum
3050 5217 3106 5272 in
3138 5216 3336 5272 divinis
3367 5232 3560 5275 recens

2056 5303 2093 5342 IS
2177 5286 2375 5342 riacnis
2403 5304 2518 5342 aevo
2546 5287 2814 5342 videatur.
2846 5296 3056 5342 renntet
3085 5301 3150 5341 eo
3187 5301 3344 5341 usum
3381 5288 3438 5341 S.
3470 5289 3557 5342 in-

1984 5288 2093 5342 tius
2127 5286 2375 5357 Origcnis
2403 5286 2518 5342 aevo
2546 5287 2814 5357 videatur,
2846 5296 3056 5355 reputet
3085 5301 3150 5341 eo
3187 5301 3350 5357 usum,
3381 5288 3438 5341 S.
3470 5289 3557 5342 in-

1984 5355 2308 5425 terpretem,
2358 5372 2454 5426 pro
2521 5372 2631 5426 quo
2682 5355 2976 5426 uitem-asty
3019 5365 3210 5410 auctor
3240 5356 3553 5426 scripserit.

1983 5427 2250 5481 Caeterum
2289 5425 2547 5480 et’tomo’
2578 5427 2818 5480 secundo
2850 5428 2904 5481 in
2925 5425 3180 5482 Joannem
3237 5425 3555 5482 luculentis-

1983 5496 2121 5566 sime
2141 5495 2498 5550 Adamantius
2524 5514 2537 5550 :
2570 5495 2762 5566 Ἡμεῖς
2789 5495 3037 5566 μέντοιγε
3060 5498 3208 5566 τρεῖς
3229 5497 3556 5561 ὑποστάσεις

1985 5565 2291 5635 πειθόμενοι
2316 5564 2744 5636 τυγχάγεινίτὸν
2773 5564 2990 5636 Πατέρα
3015 5564 3129 5636 (xui
3149 5565 3241 5618 τὸν
3273 5565 3419 5624 rw.
3461 5570 3555 5636 qui

2019 5634 2365 5704 erpe’ram‘in
2390 5634 2558 5704 editis
2587 5634 2740 5704 libris
2774 5634 3133 5704 desideratur)
3175 5636 3272 5690 καὶ
3313 5639 3375 5688 τὸ
3401 5634 3556 5704 διγὶον

2008 5705 2207 5773 [νεῦμα
2237 5722 2250 5757 :
2282 5702 2474 5758 Latine
2500 5719 2565 5773 ex
2611 5702 2845 5758 Ferrarii
2885 5702 3166 5773 versione,
3211 5705 3324 5759 Nos
3357 5702 3554 5772 mrtem,

1981 5775 2071 5845 qui
2099 5770 2200 5827 tres
2225 5772 2748 5846 personas,_Patrem
2787 5785 2834 5827 et
2875 5770 2924 5825 F
2927 5772 3076 5826 ilium
3109 5783 3266 5846 atque
3292 5770 3552 5846 Spiritum

1985 5843 2226 5898 sanctum
2257 5857 2368 5896 esse
2395 5843 2676 5896 credimus.

3280 5939 3356 5998 59
