4084 6302
530 453 670 508 1867

1958 438 2280 503 ORIGENIS

3641 449 3807 506 1868

529 580 558 619 a
584 563 741 617 Patre
772 572 825 616 et
854 560 1013 625 Filio,
1045 567 1099 614 et
1125 559 1361 614 divinam
1398 560 1798 633 sublimemque
1826 570 2096 626 naturam,
2132 564 2170 619 Α
2203 574 2295 611 nos
2324 574 2572 625 separare
2602 576 2632 613 a
2660 559 2918 615 clraritate
2943 560 3058 626 Dei,
3082 574 3198 632 qua:
3224 570 3299 616 est
3324 562 3379 616 in
3406 561 3624 617 Christo
3647 561 3803 618 Iesu

524 654 619 711 sed
658 652 962 722 apostolum
986 647 1239 706 Paulum.
1272 649 1463 707 Nonne
1500 654 1594 707 tibi
1629 669 1819 709 omnes
1846 654 2098 707 videntur

525 744 645 812 plus
675 758 890 797 amasse
920 758 1082 813 quam
1115 743 1353 812 expedit,
1378 751 1432 798 et
1468 745 1595 799 dum
1622 745 1875 799 virtutem
1905 745 2097 799 unius-

523 834 790 902 cujusque
832 833 1140 895 mirantur,
1183 834 1491 889 dilectionis
1537 836 1837 904 perdidisse
1881 851 2101 891 mensu-

521 924 676 977 ram?
712 922 865 988 Quod
890 922 1108 992 quidem
1135 922 1186 974 in
1218 921 1455 977 Ecclesia
1483 923 1721 991 patimur
1750 940 1764 977 :
1792 922 1907 994 (75)
1935 923 2099 992 pleri-

523 1030 630 1086 que
661 1014 806 1067 enim
849 1013 976 1067 dum
1019 1012 1141 1081 plus
1179 1011 1413 1081 diligunt
1449 1027 1610 1081 quam
1657 1027 1951 1075 meremur,
1983 1011 2101 1066 haec

525 1107 747 1174 iactant,
770 1113 824 1159 et
851 1104 1170 1174 loquuntur,
1203 1118 1485 1157 sermones
1509 1113 1728 1157 nostros
1768 1102 2101 1158 doctrinam-

523 1214 629 1269 que
660 1196 965 1261 laudantes,
1004 1209 1129 1264 qua:
1163 1192 1497 1247 conscientia
1544 1201 1726 1247 nostra
1755 1208 1861 1247 non
1887 1193 2096 1262 recipit.

521 1290 624 1343 Alii
660 1302 786 1344 vero
811 1296 1073 1342 tractatus
1105 1292 1320 1339 nostros
1345 1283 1766 1347 calumniantes,
1802 1299 1866 1338 ea
1899 1284 2101 1340 sentire

524 1396 625 1435 nos
654 1379 1042 1443 criminantur,
1071 1392 1192 1446 qua:
1234 1391 1513 1444 nunquam
1546 1374 1785 1429 sensisse
1818 1390 1918 1429 nos
1944 1375 2094 1428 novi-

526 1489 669 1527 mus.
708 1471 814 1527 Sed
846 1485 1022 1540 neque
1057 1469 1109 1524 hi
1138 1470 1231 1539 qui
1259 1470 1380 1539 plus
1414 1467 1666 1537 diligunt,
1703 1482 1878 1537 neque
1907 1467 1979 1519 illi
2006 1466 2098 1535 qui

522 1563 774 1628 oderunt,
810 1561 1052 1615 veritatis
1080 1560 1322 1627 regulam
1365 1564 1552 1611 tenent
1592 1570 1605 1606 :
1642 1564 1696 1609 et
1726 1556 1814 1609 alii
1844 1571 1937 1625 per
1967 1555 2100 1609 dile-

524 1655 759 1707 rtionem
779 1693 794 1717 ,
826 1652 914 1705 alii
964 1667 1058 1717 per
1106 1650 1289 1703 odium
1320 1649 1675 1702 mentiuntur.
1702 1643 1857 1699 Unde
1886 1652 2102 1715 oportet

523 1742 776 1796 eharitati
809 1739 957 1794 l‘rena
987 1740 1284 1808 imponere,
1311 1744 1363 1790 et
1397 1744 1608 1789 tantum
1642 1736 1690 1790 ei
1727 1735 1953 1806 vagandi
1980 1749 2102 1804 per.

523 1836 739 1887 mittere
770 1832 1105 1894 libertatem,
1136 1835 1398 1898 quantum
1436 1826 1489 1880 in
1526 1838 1796 1896 praerupta
1836 1842 1943 1879 non
1978 1841 2100 1880 cor-

522 1936 665 1979 ruat.
709 1924 980 1993 Scriptum
1024 1930 1109 1976 est
1156 1922 1211 1973 in
1263 1920 1587 1974 Ecclesiaste
1624 1919 1687 1969 ':
1726 1916 1806 1971 Ne
1829 1919 1900 1971 sis
1916 1918 2099 1986 justus

524 2014 766 2077 multum,
791 2027 951 2081 neque
973 2009 1230 2078 ampliora
1257 2009 1469 2079 cogites,
1499 2023 1561 2060 ne
1586 2007 1720 2075 forte
1742 2006 2098 2075 obstupesras.

524 2104 679 2171 Quod
724 2102 1030 2171 exemplum
1083 2115 1317 2169 sequens
1365 2113 1587 2169 possum
1624 2097 1802 2152 simile
1849 2098 1978 2166 quid
2017 2097 2101 2150 di-

523 2210 689 2250 cere:
722 2192 799 2248 Ne
835 2193 1025 2263 diligas
1070 2190 1346 2246 hominem
1394 2204 1459 2242 ex
1505 2196 1611 2243 tota
1660 2188 1841 2242 anima
1881 2200 2009 2251 tua,
2049 2197 2102 2242 et

524 2301 586 2339 ev
619 2293 729 2339 tota
754 2285 952 2337 virtute
982 2292 1069 2336 tua
1101 2297 1113 2332 :
1142 2294 1208 2333 ne
1232 2293 1382 2332 ames
1408 2277 1657 2348 angelum
1685 2276 1753 2331 de
1775 2283 1890 2330 toto
1915 2276 2098 2339 corde,

524 2376 591 2430 de
621 2384 732 2428 tota
758 2374 960 2436 anima,
988 2373 1054 2425 de
1083 2378 1192 2425 tota
1219 2370 1454 2434 virtute;
1486 2368 1577 2422 sed
1607 2375 1929 2436 prteceptum
1948 2366 2099 2436 juxta

525 2468 800 2531 eloquium
841 2462 1142 2519 Salvatoris
1175 2459 1278 2515 soli
1326 2474 1479 2514 serva
1525 2458 1658 2512 Deo.
1694 2456 1894 2527 Diliges
1937 2457 2097 2522 enim,

524 2561 734 2630 inquit,
768 2558 1049 2611 Dominum
1098 2553 1257 2607 Deum
1305 2563 1451 2605 tuum
1480 2567 1545 2606 ea:
1576 2560 1684 2605 toto
1724 2552 1881 2605 corde
1907 2561 2020 2612 tuo.
2050 2564 2097 2605 et

523 2667 589 2707 ea:
620 2660 729 2705 tota
762 2649 940 2702 anima
976 2656 1087 2711 tua,
1117 2653 1165 2698 et
1195 2660 1259 2697 ea:
1287 2653 1396 2696 tota
1430 2645 1617 2696 virtute
1649 2653 1742 2695 tua
1781 2641 1821 2695 ‘.
1855 2639 2100 2711 Respon-

525 2746 651 2799 deat
680 2742 811 2796 mihi
839 2737 1057 2808 aliquis,
1100 2743 1153 2790 et
1180 2734 1361 2789 dicat:
1398 2734 1647 2788 Salvator
1677 2733 1919 2803 praacipit
1950 2749 1965 2786 :
2006 2732 2100 2786 Di-

524 2833 651 2904 liges
686 2832 963 2885 Dominum
1012 2827 1177 2882 Deum
1217 2835 1367 2880 tuum
1406 2841 1471 2880 ea:
1500 2835 1606 2879 toto
1636 2825 1790 2879 corde
1818 2834 1927 2887 tuo,
1958 2834 2007 2877 et
2035 2838 2100 2877 ex

527 2934 638 2977 tota
670 2922 850 2975 anima
875 2929 986 2986 tua,
1017 2927 1067 2973 et
1104 2933 1170 2971 ea:
1213 2925 1326 2971 tota
1366 2918 1555 2970 uirtute
1583 2928 1695 2982 tua,
1720 2925 1767 2970 et
1804 2916 2100 2986 proximum

528 3025 672 3068 tuum
716 3023 968 3083 tanquam
1016 3014 1258 3080 teipsum.
1294 3007 1433 3063 Volo
1490 3008 1714 3079 diligere
1754 3008 2033 3062 Christum
2079 3023 2093 3059 :

524 3103 658 3159 doce
685 3118 814 3173 ergo
849 3116 936 3157 me
968 3101 1243 3171 quomodo
1275 3114 1397 3153 eum
1427 3098 1667 3169 diligam.
1697 3096 1754 3152 Si
1787 3098 1929 3151 enim
1961 3098 2097 3152 dile—

2202 649 2423 703 Domino
2453 650 2730 706 Saluatore
2760 663 2958 720 nostra,
2987 654 3074 708 cui
3096 661 3178 709 est
3204 654 3372 724 gloria
3397 664 3452 710 et
3485 656 3800 726 imperium

2201 740 2253 791 in
2283 739 2478 795 saecula
2505 742 2845 795 surculorum.
2874 742 3068 798 Amen.

2728 849 3016 906 [10.“le
3053 852 3243 911 XXVI.

2200 958 2277 1015 De
2314 976 2373 1014 eo
2412 963 2550 1032 quod
2594 964 2847 1032 scriptum
2886 973 2960 1019 est
2997 980 3016 1018 :
3056 982 3076 1016 ι
3127 964 3295 1023 Cuius
3342 967 3696 1022 ventilabrum
3726 971 3790 1023 in

2270 1047 2450 1106 manu,
2490 1044 2540 1106 et
2563 1034 2865 1106 _muudabi_t
2885 1050 3062 1087 aream
3101 1051 3274 1106 mam,
3309 1054 3328 1086 ι
3362 1054 3524 1106 usque
3557 1040 3626 1090 ad
3652 1055 3789 1092 eum

2270 1099 2443 1153 locum
2486 1102 2574 1174 ub_i
2616 1105 2737 1155 ait:
2766 1119 2785 1153 ι
2819 1102 2886 1156 Et
2923 1099 3522 1174 congregabittriticimi
3559 1109 3614 1160 in
3642 1110 3785 1162 lior—

2270 1184 2438 1224 reum.
2479 1189 2498 1222 ι
2524 1170 2657 1241 Cap.
2687 1187 2769 1227 ιιι.
3022 1170 3039 1174 ⁷
3112 1170 3129 1174 ⁷
3308 1207 3312 1211 «

2269 1281 2523 1336 Christus
2550 1290 2635 1336 est
2662 1281 2802 1337 Deus
2831 1300 2846 1337 :
2872 1292 2926 1338 et
2954 1284 3047 1354 qui
3078 1283 3271 1339 adorat
3307 1300 3456 1351 eum,
3487 1287 3542 1342 in
3576 1289 3779 1358 spiritu

2198 1381 2254 1426 et
2285 1371 2514 1427 veritate
2545 1383 2758 1443 oportet
2801 1376 3030 1430 adorare
3057 1376 3101 1430 ⁸.
3128 1376 3269 1431 Deus
3308 1392 3527 1447 quoque
3567 1391 3775 1446 noster,

2201 1463 2341 1533 ignis
2368 1479 2697 1520 consumens
2718 1474 2801 1520 est
2829 1466 2872 1519 ’.
2899 1465 3196 1537 Dupliciter
3217 1470 3519 1538 appellatur
3543 1471 3691 1528 Deus
3724 1486 3778 1530 et

2200 1556 2443 1624 spiritus,
2465 1563 2519 1610 et
2545 1555 2703 1626 ignis.
2731 1552 2903 1612 Justis
2935 1558 3176 1626 spiritus,
3203 1560 3342 1629 ignis
3371 1566 3773 1631 peccatoribus.

2203 1646 2308 1700 Sed
2338 1648 2467 1701 dum
2500 1655 2552 1701 et
2577 1647 2749 1716 angeli
2779 1648 3024 1717 spiritus,
3060 1651 3310 1720 ignisque
3337 1653 3596 1710 dicuntur
3623 1673 3637 1709 :
3666 1657 3775 1723 Qui

2202 1736 2356 1806 facit,
2388 1737 2586 1807 inquit,
2617 1739 2828 1809 angelos
2852 1756 2974 1794 suos
3002 1744 3239 1810 spiritus,
3262 1754 3313 1799 et
3347 1748 3617 1805 ministros
3647 1769 3777 1808 suos

2201 1828 2370 1899 ignem
2415 1841 2647 1883 urentem
2690 1831 2783 1883 “z
2832 1834 3004 1903 angeli
3056 1835 3260 1891 sanctis
3306 1839 3612 1911 quibusque
3641 1857 3778 1900 sunt

2201 1919 2428 1988 spiritus
2458 1937 2472 1973 :
2510 1919 2597 1975 his
2636 1935 2767 1976 vero
2807 1922 2900 1991 qui
2935 1934 3245 1991 merentur,
3278 1928 3537 1985 addicunt
3568 1934 3773 2004 ignem,

2200 2019 2252 2063 et
2289 2008 2554 2064 fervorem
2592 2013 3033 2071 subministrant.
3064 2016 3224 2072 Juxta
3262 2036 3424 2089 quem
3456 2038 3670 2079 sensum
3714 2037 3776 2083 et

2202 2094 2344 2151 Deus
2377 2108 2562 2153 noster
2581 2110 2742 2170 atque
2773 2099 3042 2170 Salvator,
3067 2120 3191 2161 eum
3215 2110 3286 2164 sit
3317 2111 3558 2181 spiritus,
3585 2115 3771 2185 ignem

2201 2187 2348 2241 venit
2379 2188 2594 2243 mittere
2622 2205 2787 2259 super
2818 2202 3039 2248 terram.
3080 2194 3337 2265 Spiritus,
3378 2204 3671 2259 secundum
3701 2207 3778 2260 il-

2200 2278 2292 2332 lud
2322 2279 2467 2348 quod
2500 2280 2762 2336 scribitur
2789 2296 2803 2334 :
2840 2282 2973 2339 Cum
3009 2295 3182 2341 autem
3211 2305 3485 2347 conversus
3509 2295 3671 2362 fueris
3694 2299 3774 2352 ad

2202 2366 2506 2436 Dominum,
2543 2371 2812 2440 auferetur
2842 2373 3072 2430 velamen
3101 2378 3180 2445 ¹¹;
3233 2388 3288 2435 et
3327 2397 3341 2433 :
3382 2381 3629 2441 Dominus
3655 2390 3776 2457 spi-

2201 2458 2338 2510 ritus
2368 2470 2445 2512 est
2479 2460 2541 2511 ¹².
2572 2458 2752 2529 Ignem
2798 2471 2980 2517 autem
3018 2468 3165 2521 venit
3204 2469 3414 2526 mittere
3458 2489 3566 2527 non
3600 2490 3774 2544 super

2197 2548 2397 2604 coalum
2419 2587 2434 2612 ,
2485 2550 2578 2604 sed
2624 2565 2787 2622 super
2818 2561 3042 2620 terram,
3074 2567 3135 2612 ut
3168 2558 3279 2629 ipse
3310 2561 3642 2619 demonstrat
3671 2568 3771 2622 di-

2199 2653 2332 2695 cens
2363 2640 2408 2672 ¹³
2439 2659 2453 2695 :
2494 2639 2674 2711 Ignem
2711 2645 2825 2698 veni
2874 2647 3079 2701 mittere
3112 2665 3265 2719 super
3301 2661 3511 2718 terram,
3552 2666 3602 2709 et
3632 2658 3771 2726 quid

2199 2729 2315 2783 volo
2354 2730 2458 2784 nisi
2502 2741 2560 2784 ut
2581 2732 2698 2801 jam
2733 2734 2959 2791 ardeat?
2993 2737 3049 2791 Si
3083 2740 3228 2794 etiim
3264 2756 3555 2800 conversus
3594 2747 3772 2805 fueris

2199 2819 2267 2873 ad
2299 2819 2609 2905 Dominum,
2644 2824 2739 2893 qui
2772 2835 2855 2879 est
2903 2829 3148 2897 spiritus,
3193 2831 3443 2889 Christus
3478 2835 3572 2890 tibi
3605 2839 3771 2907 spiri~

2201 2923 2289 2969 tus
2321 2916 2443 2978 erit,
2471 2926 2525 2970 et
2566 2932 2675 2972 non
2715 2919 2862 2973 venit
2898 2920 3076 2991 ignem
3116 2926 3333 2981 mittere
3360 2943 3520 2997 super
3545 2938 3766 2985 terram.

2198 3003 2356 3071 Quod
2390 3008 2436 3061 si
2486 3020 2593 3063 non
2625 3011 2962 3068 converteris
2990 3014 3055 3068 ad
3100 3013 3292 3079 Deum,
3321 3017 3416 3072 sed
3447 3017 3618 3074 habes
3658 3030 3771 3075 ter-

2202 3111 2318 3150 ram
2373 3107 2428 3151 et
2480 3095 2716 3153 fructum
2761 3099 2913 3170 ejus,
2967 3103 3139 3173 ignem
3184 3106 3328 3160 venit
3366 3107 3581 3163 mittere
3608 3124 3772 3180 super

524 3211 656 3250 sero
680 3210 804 3249 eum
827 3208 892 3248 ex
921 3201 1033 3247 toto
1059 3193 1224 3247 corde
1256 3206 1398 3255 meo,
1423 3199 1477 3245 et
1506 3205 1573 3245 ex
1606 3197 1715 3243 tota
1742 3188 1924 3242 anima
1954 3202 2096 3253 mea,
2125 3213 2167 3272 ε
2204 3194 2405 3240 terram
2438 3195 2609 3243 tuam.
2644 3187 2784 3245 Huic
2825 3192 2954 3261 quid
2989 3194 3164 3249 simile
3189 3195 3353 3250 etiam
3393 3196 3461 3252 de
3495 3197 3606 3253 Deo
3633 3201 3773 3255 seri.

522 3292 576 3339 et
604 3299 670 3338 ex
704 3291 813 3338 tota
838 3282 1055 3348 virtute,
1086 3290 1274 3335 contra
1308 3287 1632 3349 prwceptum
1665 3276 1838 3341 iacio,
1876 3283 1935 3329 ut
1963 3275 2098 3330 alte-

527 3391 646 3430 rum
674 3374 881 3445 absque
910 3389 1021 3428 uno
1056 3372 1165 3427 Deo
1195 3372 1275 3427 sic
1303 3372 1546 3441 diligam.
1577 3370 1673 3423 Sin
1705 3377 1884 3423 autem
1915 3369 2098 3423 minus

520 3478 646 3523 eum
675 3465 935 3530 dilexero,
967 3478 1129 3532 quam
1167 3462 1592 3531 omnipotentem
1637 3459 1851 3513 Patrem
1878 3497 1893 3523 ,
1930 3458 2099 3513 timeo

522 3572 593 3613 ne
635 3558 688 3611 in
733 3555 1157 3626 Primogenitum
1196 3552 1358 3623 963
1397 3552 1663 3607 universa:
1702 3558 1967 3607 creaturae
1997 3550 2100 3604 im-

521 3647 647 3718 pius
692 3654 747 3702 et
792 3645 1056 3717 prol‘anus
1083 3644 1347 3698 inveniar.
1404 3642 1545 3697 Doce
1592 3657 1719 3709 me,
1769 3648 1823 3697 et
1871 3641 2101 3696 ostende

523 3739 811 3800 rationem,
854 3734 1128 3805 quomodo
1169 3734 1309 3789 inter
1357 3732 1651 3801 utrumque
1694 3732 1908 3787 medius
1948 3733 2097 3787 ince-

522 3829 693 3895 dens,
745 3828 984 3898 diligere.
1013 3826 1237 3881 debeam
1282 3821 1586 3878 Christum.
1646 3820 1740 3877 Vis
1796 3824 1939 3878 scire
1990 3838 2099 3892 qua

524 3919 789 3974 charitate
813 3917 1064 3972 Christus
1091 3914 1397 3985 diligendus
1422 3915 1526 3968 sit?
1556 3913 1799 3967 Breviter
1824 3912 2096 3967 ausculta.

524 4010 724 4080 Diliges
754 4009 1042 4064 Dominum
1078 4005 1245 4062 Deum
1282 4016 1434 4060 tuum
1466 4007 1519 4059 in
1545 4005 1783 4061 Christo.
1825 4004 1990 4061 Putas
2013 4006 2099 4060 di-

524 4116 736 4155 versam
768 4100 967 4154 habere
1002 4112 1162 4168 posse
1204 4096 1258 4150 in
1301 4095 1461 4151 Patre
1492 4107 1548 4152 et
1578 4095 1715 4152 Filio
1744 4097 2100 4152 charitatem?

525 4190 702 4246 Simul
743 4190 904 4262 dilige
934 4190 1224 4245 Dominum
1255 4188 1557 4244 Christum.
1588 4186 1761 4256 Dilige
1791 4185 2007 4242 Patrem
2042 4189 2097 4242 in

459 4256 482 4275 ’
522 4278 704 4349 Filio,
750 4256 947 4333 Fili‘um
987 4279 1043 4332 in
1080 4277 1260 4343 Patre,
1303 4292 1367 4332 ex
1405 4285 1518 4331 toto
1558 4275 1755 4341 corde,
1794 4284 1846 4330 et
1874 4290 1941 4330 ex
1987 4283 2098 4330 tota

523 4370 730 4434 anima,
763 4375 820 4423 et
837 4383 905 4423 ex
934 4376 1046 4422 tota
1087 4366 1307 4421 virtute.
1350 4366 1505 4432 Quod
1541 4368 1585 4421 sl
1620 4364 1820 4436 aliquis
1849 4365 2097 4421 sciscita-

524 4472 632 4527 tur,
662 4469 718 4515 et
740 4458 912 4514 dicit:
945 4459 1052 4514 hoc
1081 4458 1226 4528 quod
1255 4457 1455 4511 asseris
1483 4456 1551 4510 de
1578 4455 1876 4525 Scripturis
1905 4457 2095 4526 proba,

2199 3286 2348 3345 ptum
2396 3285 2484 3332 est
2509 3278 2598 3332 “z
2635 3278 2781 3349 Ignis
2827 3297 3073 3336 accensus
3114 3293 3192 3338 est
3236 3285 3436 3354 furoris
3479 3287 3625 3355 ejus,
3662 3304 3769 3345 non

2197 3383 2360 3437 usque
2404 3368 2475 3422 ad
2516 3369 2708 3424 caelum
2755 3389 3000 3441 sursum,
3049 3376 3140 3429 sed
3185 3392 3350 3446 usque
3389 3378 3461 3431 ad
3504 3380 3768 3449 infernum

2195 3460 2441 3513 deorsum
2464 3477 2482 3515 :
2509 3471 2560 3515 et
2581 3463 2845 3518 devorabit
2872 3481 2976 3520 nou
3011 3466 3215 3534 celum,
3240 3469 3333 3522 sed
3362 3478 3554 3524 terram
3576 3479 3626 3525 et
3652 3487 3772 3541 ger-

2197 3549 2343 3604 mina
2369 3550 2503 3620 ejus.
2532 3551 2806 3618 Quorsum
2846 3555 2949 3610 ista
2985 3559 3319 3612 memoravi?
3359 3558 3498 3625 Quia
3523 3570 3578 3616 et
3603 3562 3770 3631 bapti-

2197 3658 2374 3710 smus,
2401 3659 2511 3714 quo
2555 3646 2790 3716 baptizat
2818 3646 2997 3715 Jesus,
3030 3650 3083 3704 in
3126 3649 3328 3721 Spiritu
3370 3662 3557 3708 sancto
3583 3663 3683 3717 est,
3706 3661 3767 3711 et

2199 3734 2330 3804 igni.
2364 3734 2583 3790 Memini
2615 3752 2826 3804 eorum,
2874 3754 2997 3809 qua.-
3040 3756 3212 3811 nuper
3252 3741 3467 3799 locutus
3491 3760 3633 3809 sum,
3666 3760 3769 3801 nec

2197 3825 2438 3894 praeterit
2487 3828 2798 3896 explanatio
2832 3831 3111 3899 superior;
3161 3833 3254 3888 sed
3289 3835 3411 3889 volo
3455 3845 3510 3890 et
3562 3852 3765 3892 novum

2197 3915 2402 3985 aliquid
2453 3915 2672 3972 inferre.
2722 3917 2777 3973 Si
2824 3930 3049 3976 sanctus
3091 3921 3280 3988 fueris,
3328 3925 3530 3994 Spiritu
3575 3937 3766 3982 sancto

2199 4005 2558 4076 baptizaberis
2592 4023 2606 4059 :
2638 4008 2683 4063 si
2731 4019 3002 4079 peccator,
3053 4012 3107 4065 in
3153 4013 3328 4082 ignem
3378 4016 3670 4087 mergeris;
3708 4028 3767 4072 et

2199 4111 2368 4151 unum
2399 4106 2563 4168 atque
2592 4097 2733 4153 idem
2764 4099 3031 4169 baptisma
3060 4100 3295 4172 indignis
3316 4111 3370 4158 et
3391 4114 3590 4173 peccatc
3612 4107 3766 4164 ribus

2199 4187 2255 4241 in
2291 4186 2799 4242 condemnationem
2853 4189 3141 4260 ignemque
3177 4200 3416 4246 vertetur
3453 4209 3468 4244 :
3510 4194 3596 4249 bis
3635 4211 3765 4250 vero

2198 4278 2291 4349 qui
2331 4278 2503 4333 sancti
2543 4287 2692 4345 sunt,
2730 4288 2784 4334 et
2820 4287 2931 4334 tota
2973 4280 3078 4335 lide
3114 4282 3181 4335 ad
3222 4281 3502 4336 Dominum
3543 4298 3767 4339 conver-

2198 4379 2408 4436 tuntur,
2465 4366 2702 4438 Spiritus
2751 4369 2926 4424 sancti
2979 4370 3151 4440 gratia
3189 4371 3444 4441 salusque
3480 4370 3767 4429 tribuenda

2199 4468 2301 4515 est.
2343 4458 2400 4513 Is
2427 4476 2570 4529 ergo,
2594 4460 2683 4528 qui
2711 4458 2917 4529 Spiritu
2947 4470 3129 4515 sancto
3155 4473 3205 4515 et
3228 4463 3344 4531 igne
3363 4462 3561 4517 dicitur
3586 4462 3765 4531 bapti-

520 4553 707 4608 audiat
736 4550 1043 4621 apostolum
1089 4547 1313 4603 Paulum
1337 4590 1352 4615 ,
1391 4549 1486 4617 qui
1531 4547 1766 4602 habebat
1797 4548 2097 4603 rationabi-
2128 4540 2171 4596 Β
2200 4566 2343 4617 sure,
2371 4550 2523 4604 habet
2558 4550 2906 4604 ventilabrum
2943 4552 2999 4604 in
3043 4568 3201 4605 manu
3241 4568 3337 4606 sua
3357 4595 3372 4620 ,
3411 4562 3461 4607 et
3492 4554 3765 4608 mundabit

520 4645 625 4699 lem
675 4642 1030 4707 charitatem,
1073 4639 1384 4710 loquentem
1425 4639 1446 4670 ’
1480 4654 1493 4691 :
1536 4635 1722 4695 Certus
1763 4639 1904 4693 enim
1945 4655 2093 4706 sum,

518 4736 644 4805 quia
675 4748 836 4804 neque
860 4748 1022 4797 mors,
1049 4747 1210 4802 neque
1238 4733 1369 4797 vita,
1401 4746 1562 4800 neque
1591 4728 1784 4800 angeli,
1809 4745 1970 4792 neque
2004 4747 2097 4799 po-

522 4834 768 4890 testates,
804 4840 897 4877 nec
935 4816 1255 4893 prteseutia,
1292 4838 1383 4877 nec
1426 4822 1641 4893 futura,
1682 4836 1773 4875 nec
1803 4821 2092 4890 fortitudo,

519 4934 612 4973 nec
639 4917 887 4983 altitudo,
915 4933 1005 4971 nec
1025 4915 1367 4987 profundum,
1392 4929 1483 4968 nec
1504 4913 1614 4968 alia
1638 4920 1879 4967 creatura
1902 4913 2092 4982 poterit

595 5030 791 5103 [σου.
830 5047 954 5103 vn,
1002 5033 1043 5103 ᾖ
1087 5030 1170 5085 16.
1262 5032 1302 5103 _'
1339 5028 1562 5103 Blatth._
1595 5042 1727 5095 ml,
1775 5028 1864 5103 57.

522 5188 698 5238 xxx",
724 5171 816 5225 22.
2064 5200 2067 5205 .

594 5264 708 5335 (⁸15)
734 5263 974 5335 ldipsum
1021 5260 1382 5335 Hieronymus
1406 5260 1652 5332 queritur
1691 5258 1853 5335 epist.
1894 5257 1986 5335 62,
2024 5260 2088 5335 ad

523 5328 957 5404 Tranquilli'num
1001 5350 1015 5388 :
1053 5332 1198 5401 quod
1226 5328 1320 5404 'uel
1359 5328 1682 5404 in’amorem
1722 5328 1969 5404 _0rigenis
2010 5330 2093 5404 ni-

522 5398 709 5471 mium,
736 5404 811 5458 vel
839 5403 1018 5457 odium
1044 5398 1305 5455 stomachi
1326 5402 1409 5455 sui
1434 5400 1699 5471 pravitate
1722 5398 1971 5471 homines
1993 5401 2093 5471 du-

524 5466 795 5530 cerentur.
825 5471 1073 5527 Proiecto
1104 5471 1331 5525 dubium
1372 5466 1476 5531 est,
1507 5468 1773 5537 majorine
1798 5467 1847 5522 ei
1887 5466 2093 5537 fuerint

523 5543 847 5599 detrimento
897 5541 1334 5596 adversariorum
1389 5534 1696 5607 calumniae,
1742 5550 1810 5590 an
1854 5534 2092 5607 profusa:

523 5614 687 5667 nimis
718 5614 1016 5668 amicorum
1055 5609 1266 5675 laudes,
1298 5608 1497 5678 quibus
1534 5606 1863 5661 aemulorum
1887 5607 2092 5662 invidia

522 5683 837 5736 acuebatur.

595 5750 707 5819 (74)
744 5750 969 5805 Schedae
1008 5746 1188 5804 Grabii
1212 5757 1284 5819 et
1303 5743 1621 5819 Combetisii
1654 5738 2086 5819 iBotnopat‘O‘Dv

526 5814 653 5873 ιδεῖν
691 5814 819 5873 ’τινα
853 5820 1050 5890 τρόπον
1086 5819 1114 5870 ὁ
1143 5817 1345 5889 Κύριός
1369 5833 1469 5887 μου
1506 5814 1714 5884 Ἰησοῦς
1753 5814 1875 5886 ἔχειὴ
1897 5815 2083 5882 πτύον,

1975 5031 1995 5063 ⁷
2034 5028 2191 5084 Rom.
2239 5043 2359 5089 vin,
2412 5026 2500 5092 58,
2542 5026 2632 5081 39.

522 5100 568 5136 ¹⁶
603 5096 762 5157 Ηειπῖ
790 5101 899 5168 t,7;
927 5096 1070 5156 Psal.
1101 5115 1209 5167 etv,
1248 5099 1303 5156 4.
1377 5102 1419 5133 ¹¹
1447 5098 1492 5153 ιι
1522 5099 1651 5154 Cor.
1695 5113 1778 5165 Ill,
1809 5099 1894 5152 l6.
1970 5100 2012 5132 "
2032 5098 2096 5154 «ιο

2219 5115 2291 5163 tv,
2320 5098 2420 5163 24;
2456 5096 2500 5149 ll
2534 5096 2660 5151 Cor.
2699 5110 2786 5163 ιιι,
2813 5097 2899 5152 16.
2981 5098 3024 5131 ⁸³
3048 5096 3180 5153 Luc.
3211 5100 3429 5164 “1,49.

2201 4654 2377 4692 aream
2406 4654 2554 4692 suam
2575 4679 2592 4705 ,
2637 4649 2687 4692 et
2728 4639 3060 4709 congregabit
3092 4641 3329 4693 triticum
3368 4658 3523 4695 suum
3550 4645 3602 4696 in
3638 4644 3762 4697 hor-

2200 4744 2374 4793 reum,
2417 4728 2597 4796 paleas
2643 4737 2819 4782 autem
2864 4729 3128 4783 comburet
3171 4731 3280 4801 igni
3327 4732 3759 4804 inexstinguibili.
3810 4741 3822 4749 '

2202 4818 2313 4889 (74)
2344 4818 2481 4873 Volo
2513 4819 2755 4874 invenire
2782 4820 3071 4887 rationem,
3096 4837 3267 4892 quare
3295 4823 3557 4880 Dominus
3586 4833 3763 4878 noster

2201 4910 2393 4965 habeat
2416 4910 2797 4974 ventilabrum,
2825 4919 2880 4965 et
2907 4911 3051 4982 quod
3077 4910 3276 4969 blando
3297 4923 3461 4969 vento
3501 4914 3643 4970 leves
3672 4929 3766 4984 pa-

3300 5030 3323 5062 ’
3350 5028 3508 5084 Deut.
3552 5045 3626 5095 tv,
3673 5030 3763 5085 24.

3300 5100 3429 5155 ιω.
3536 5099 3580 5132 ¹⁴
3609 5098 3764 5155 Deut.

2734 5026 2757 5058 ⁸
2782 5025 2940 5082 Joan.
2983 5042 3057 5092 Iv,
3104 5028 3194 5083 24.

2192 5259 2286 5315 καὶ
2330 5259 2473 5320 τινος
2515 5256 2714 5330 ᾁνέμου
2760 5256 3045 5330 πνέοντος,
3094 5259 3187 5330 καὶ
3216 5258 3395 5330 ταῦτα
3435 5257 3663 5330 σφοδροῦ
3697 5259 3768 5329 (εἰ

2192 5331 2303 5399 γὰρ
2320 5326 2584 5400 νηνεμία,
2617 5326 2892 5400 ἄχρηστόν
2910 5328 3035 5400 Δἐστι
3144 5328 3414 5400 qucum
3444 5326 3543 5400 μὲν
3567 5326 3768 5400 ἄχυρον

2192 5396 2481 5471 χωρίζεται
2512 5397 2592 5459 εἰς
2616 5396 2834 5471 οἰιιεϊονΔ
2862 5396 3025 5471 τόπον
3043 5438 3060 5464 ,
3084 5398 3121 5471 -ὀ
3149 5396 3380 5471 segne;
3415 5396 3645 5471 νικήσας
3675 5396 3769 5471 τὸν

2192 5399 2481 5471 χωρίζεται
2512 5399 2592 5459 εἰς
2622 5399 2821 5449 οἰκεῖον
2862 5399 3060 5464 τόπον,
3092 5399 3121 5450 ὀ
3149 5399 3206 5450 δὲ
3237 5399 3380 5459 σῖτος
3415 5414 3506 5451 νικ
3550 5414 3645 5461 σας
3675 5399 3768 5449 τὸν

2192 5472 2391 5538 ἄνεμον
2419 5466 2786 5537 καταφέρεται
2819 5466 2911 5518 ἐπὶ
2941 5465 3003 5518 τὸ
3038 5467 3188 5519 αὑτό.
3215 5467 3323 5520 Καὶ
3350 5467 3453 5538 ὅρα
3481 5399 3690 5588 partes:
3715 5467 3768 5519 ot

2192 5535 2490 5588 πειρασαοὶ
2522 5536 2572 5588 ol
2614 5536 2677 5588 τὸ
2708 5534 2908 5588 ἄνυοον
2953 5535 3297 5588 νωοίζοντες.
3329 5536 3359 5588 ὁ
3387 5535 3528 5588 ἄνευ.
3561 5553 3587 5588 ε
3618 5537 3768 5587 ἐστιν

2192 5534 2490 5609 πειρασμοὶ
2522 5534 2583 5620 oi
2614 5534 2677 5589 τὸ
2708 5534 2908 5606 ἄχυρον
2953 5535 3297 5657 ἲρρίζοντες,
3329 5536 3359 5588 ὁ
3383 5534 3587 5623 ἄνεμός
3618 5537 3770 5587 ἐστιν

2192 5608 2222 5659 ὁ
2272 5605 2594 5661 ἀποδεικνυς
2643 5605 2733 5659 τὸν
2780 5607 2926 5657 σῖτον
3028 5623 3045 5657 ι
3095 5605 3214 5658 ἐστὶ
3263 5608 3427 5661 σῖτος.
3465 5607 3540 5658 Ou
3585 5604 3697 5661 γὰρ
3737 5604 3769 5655 6

2196 5620 2222 5659 ο
2272 5620 2594 5668 amasium);
2643 5620 2733 5659 τον
2780 5620 2926 5657 σιτον
2965 5620 3045 5657 οτι
3095 5620 3214 5658 εστι
3263 5620 3427 5669 cxi-cog.
3465 5620 3540 5658 uo
3585 5620 3697 5673 γαρ
3737 5620 3769 5655 o

2196 5676 2396 5754 ἀνεμίος
2427 5673 2605 5754 show
2645 5674 3200 5754 mtpaopbgytfﬁaa;
3222 5675 3572 5754 rtuagxppov
3603 5672 3769 5752 αὐτρν

2194 5743 2356 5808 ποιεῖ,
2392 5744 2633 5797 τουτέστι
2662 5743 2861 5813 κοῦφον
2888 5743 2981 5794 καὶ
3009 5743 3256 5806 ἄπιστον,
3291 5743 3566 5797 amem
3588 5743 3769 5813 τοιαῦτ

2192 5831 2284 5868 τον
2332 5813 2560 5884 ἐλέγχει.
2608 5815 2727 5867 Κᾶν
2777 5811 3084 5885 πειρασμόν
3134 5830 3218 5877 τις
3263 5813 3561 5885 ὑπομείνῃ,
3609 5811 3766 5881 οὐχὸ
