4084 6302
320 493 455 548 1869

1473 488 1541 543 IN
1576 489 1814 547 LL‘CAM
1852 487 2133 544 HOMILIA
2171 490 2361 545 XXVII

3415 499 3437 550 i
3448 498 3552 551 s70

315 608 414 664 lere
450 610 559 662 huc
608 608 844 676 illucque
890 606 1200 675 rapiantur,
1251 619 1413 677 grave
1458 619 1589 660 vero
1641 607 1878 661 triticum
1914 612 1953 665 Α
1985 603 2130 669 ﬁcat,
2166 605 2351 660 dicens
2388 624 2400 660 :
2437 604 2612 658 Multa
2657 606 2865 674 quidem
2903 615 2954 659 et
2993 609 3102 660 alia
3143 606 3421 660 exhortans
3458 627 3556 664 an-

312 702 371 757 in
400 716 568 756 unum
596 700 868 755 deferatur
891 699 1091 766 locum,
1118 715 1293 769 neque
1322 701 1465 755 enim
1492 700 1696 770 absque
1722 710 1884 755 vento

312 802 544 862 possunt
575 791 810 846 triticum
844 798 893 844 et
932 790 1097 859 palea:
1120 792 1398 861 separari;
1428 793 1679 849 existimo
1707 800 1882 845 tenta-

1990 694 2287 750 nuntiabat.
2316 695 2504 764 Itaque
2525 696 2687 750 etiam
2714 696 2840 761 alia,
2877 712 2998 766 quae
3024 697 3226 766 scripta
3266 712 3372 751 non
3404 710 3553 764 sunt,

1983 784 2219 844 Joannes
2258 789 2459 858 populo
2499 790 2825 859 prtedicabat
2859 810 2873 844 :
2919 806 3040 861 qua:
3093 799 3273 844 autem
3320 794 3553 861 scripta,

316 884 491 937 tiones
529 896 629 951 pro
659 890 820 935 vento
859 880 1105 948 intelligi,
1132 896 1255 950 qua:
1286 880 1516 937 confuso
1545 881 1881 937 credentium
1901 937 1959 958 ἦ
1984 873 2323 930 considerate
2364 887 2567 947 quanta
2620 877 2823 933 fuerint
2864 895 2986 949 quae
3032 881 3358 935 annuntiant
3397 883 3556 938 Chri-

312 988 543 1034 acervo,
587 972 725 1027 alios
767 971 970 1041 paleas,
1018 972 1157 1027 alios
1199 972 1438 1028 triticum
1486 988 1611 1028 esse
1657 972 1883 1027 demon-
1918 944 1963 1023 ,θ’
1983 974 2149 1019 stum.
2188 964 2510 1023 Monstravit
2538 970 2681 1024 enim
2723 969 3054 1038 baptismum
3095 969 3330 1039 Spiritus
3356 974 3554 1040 sancti,

312 1072 508 1120 strant.
536 1062 674 1118 Cum
704 1061 850 1118 enim
885 1062 1065 1116 anima
1107 1070 1197 1117 tua
1227 1062 1387 1118 fuerit
1419 1072 1474 1119 et
1499 1064 1680 1135 aliqua
1710 1072 1883 1119 tenta-

1981 1058 2293 1128 praedicavit
2328 1060 2633 1129 publicanis
2672 1062 2926 1128 salutem,
2955 1061 3140 1116 docuit
3165 1062 3365 1118 milites
3396 1064 3558 1119 tlisci-
3656 1086 3665 1096 ε

313 1154 458 1209 tione
486 1163 759 1224 superata,
793 1167 901 1208 non
937 1152 1163 1208 tentatio
1195 1163 1247 1208 te
1275 1155 1433 1209 vertit
1456 1155 1512 1209 in
1538 1156 1753 1226 paleas;
1786 1154 1879 1210 sed
1980 1150 2205 1218 plinam.
2242 1165 2423 1207 aream
2466 1153 2709 1224 purgari.
2757 1153 2961 1207 δυεείιίί
2991 1153 3237 1219 arbores,
3269 1163 3324 1209 οι
3359 1166 3554 1211 οωιθη

310 1260 435 1300 cum
465 1260 615 1301 esses
641 1245 814 1315 palea,
846 1245 981 1300 levis
1001 1244 1248 1301 videlicet
1269 1254 1323 1301 et
1345 1246 1676 1313 incredulus,
1704 1255 1881 1302 osten-

309 1338 390 1393 dit
418 1347 469 1392 te
494 1352 615 1393 esse
644 1337 867 1392 tentatio
896 1337 1040 1407 quod
1085 1339 1311 1394 latebas.
1346 1338 1663 1394 Eeontrario
1695 1349 1875 1394 autent

307 1442 433 1481 cum
464 1426 674 1482 fortiter
699 1434 1026 1481 tentatnenta
1057 1427 1274 1493 toleras,
1296 1444 1406 1484 non
1436 1437 1489 1485 te
1512 1428 1641 1485 facit
1669 1429 1874 1485 ﬁdelem

309 1518 553 1582 tentatio,
589 1526 751 1586 atque
795 1517 1111 1587 patientem,
1145 1519 1240 1574 sed
1282 1520 1556 1585 virtutem,
1590 1536 1711 1592 qua:
1738 1522 1790 1575 in
1826 1530 1877 1577 te

305 1619 441 1670 erat.
480 1609 748 1679 patientiae
771 1616 825 1663 et
847 1607 1211 1678 fortitudinis,
1243 1619 1297 1665 et
1326 1611 1545 1676 latebat,
1580 1611 1787 1682 profert
1819 1614 1874 1667 in

305 1699 563 1753 medium.
594 1698 763 1754 Putas
805 1702 964 1766 enim,
1012 1702 1089 1755 ait
1121 1700 1406 1767 Dominus,
1452 1703 1610 1757 aliter
1655 1720 1734 1758 me
1777 1703 1874 1759 tibi

302 1787 533 1842 locutum
583 1789 747 1858 fuisse
789 1807 950 1860 quam
996 1801 1053 1845 ut
1095 1808 1305 1861 parem
1343 1793 1568 1861 justus?
1596 1794 1661 1848 Et
1694 1795 1822 1849 alibi
1856 1813 1867 1848 :

300 1880 477 1949 Aﬁiixi
509 1889 576 1947 te,
605 1891 653 1935 et
687 1883 841 1951 a/feci
865 1886 1107 1953 penuria,
1136 1894 1193 1937 ut
1220 1885 1502 1955 manifesta
1525 1888 1729 1957 ﬁerent,
1755 1905 1872 1959 qua:

296 1979 446 2024 erant
478 1971 533 2024 in
577 1973 733 2027 corde
778 1984 890 2028 tuo.
924 1974 984 2028 In
1034 1974 1180 2030 hunc
1218 1977 1439 2031 modum
1482 1986 1537 2031 et
1578 1989 1869 2049 tempestas

295 2078 405 2116 non
450 2062 579 2118 facit
619 2078 783 2134 super
834 2078 1053 2119 arenam
1098 2064 1390 2121 aediﬁcium
1428 2070 1746 2135 consistere,
1775 2070 1868 2126 sed

294 2168 460 2223 super
481 2162 702 2209 terram.
720 2153 856 2223 Qua:
878 2171 1005 2210 cum
1038 2155 1201 2212 fuerit
1227 2164 1437 2225 exorta,
1464 2158 1513 2212 id
1537 2161 1681 2230 quod
1706 2177 1869 2231 super

291 2253 496 2300 terram
526 2244 810 2301 fundatum
838 2255 942 2312 est,
972 2263 1079 2303 non
1103 2260 1311 2306 evertet
1336 2272 1350 2306 :
1382 2252 1527 2322 quod
1556 2248 1687 2309 vero
1707 2269 1870 2324 super

290 2349 514 2389 arenam
549 2334 796 2402 ﬂuctuat,
830 2338 1025 2406 probat
1062 2339 1209 2395 illico
1247 2356 1352 2395 non
1383 2341 1520 2397 bene
1551 2341 1723 2398 fuisse
1747 2343 1868 2398 lun-

285 2424 501 2482 datum.
543 2426 886 2499 Quapropter
942 2439 1233 2500 antequam
1285 2432 1493 2488 oriatur
1541 2443 1864 2505 tempestas,

286 2524 583 2587 antequam
629 2530 916 2575 ventorum
953 2520 1124 2576 flabra
1167 2533 1517 2594 consurgant,
1541 2524 1863 2595 priusquam

292 2607 656 2665 intumescant
689 2608 935 2677 ﬁumina,
970 2611 1099 2667 dum
1140 2613 1319 2670 adhuc
1374 2616 1535 2670 silent
1586 2616 1861 2682 universa,

288 2713 453 2755 omne
478 2702 718 2757 studium
753 2712 1000 2759 nostrum
1035 2705 1099 2760 ad
1128 2704 1481 2761 aediﬁciorum
1515 2705 1864 2764 fundamenta

290 2798 588 2859 vertamus,
635 2792 967 2850 aediﬁccmus
1010 2795 1233 2851 domum
1285 2809 1529 2853 nostram
1580 2799 1745 2854 variis
1775 2800 1865 2854 ﬁr-

288 2884 502 2954 misque
546 2885 816 2953 lapidibus
854 2897 1247 2957 praeceptorum
1284 2889 1398 2957 Dei,
1430 2900 1492 2946 ut
1525 2907 1648 2947 cum
1679 2907 1864 2962 persc-

285 2975 437 3029 cutio
457 2975 621 3048 964
649 2977 883 3032 saevierit
908 2979 1170 3036 adversus
1193 2980 1555 3047 Christianos.
1583 2984 1863 3052 durusque

284 3066 450 3121 turbo
479 3067 808 3132 surrexerit,
842 3071 1193 3127 ostendamus
1224 3089 1325 3129 nos
1354 3073 1553 3130 habere
1573 3075 1859 3131 aediﬁcium

282 3170 449 3228 super
488 3166 699 3227 petram
736 3157 1013 3214 Christum
1045 3160 1230 3216 Jesum
1279 3163 1367 3217 ιδ’.
1415 3162 1474 3218 Si
1508 3166 1631 3235 quis
1676 3174 1856 3222 autem

1900 1941 1942 1996 B

284 3248 452 3317 (quod
481 3250 666 3318 procul
693 3249 834 3306 absit
861 3265 891 3306 a
920 3251 1101 3323 nobis)
1131 3254 1426 3325 negaverit,
1454 3256 1557 3312 iste
1584 3257 1720 3311 sciat
1750 3273 1856 3313 non
1884 3280 1928 3338 ο

282 3353 343 3393 se
388 3338 481 3395 illo
515 3350 756 3410 tempore
799 3356 909 3412 quo
955 3358 1183 3413 negasse
1211 3346 1364 3403 visus
1407 3356 1523 3413 est,
1576 3347 1854 3405 Christum

279 3443 537 3499 negasse;
582 3432 674 3487 sed
725 3433 931 3489 semina
976 3445 1032 3489 et
1073 3436 1282 3492 radices
1325 3437 1580 3492 habuisse
1623 3441 1853 3511 negandi

276 3518 389 3587 jam
422 3529 652 3583 veteres,
682 3530 811 3577 tunc
845 3538 972 3577 vero
1001 3523 1171 3579 fuisse
1216 3526 1459 3593 agnitum
1501 3527 1646 3595 quod
1689 3529 1855 3584 habe-

283 3608 393 3673 bat,
428 3618 482 3663 et
527 3611 579 3664 in
625 3613 860 3667 medium
892 3628 1013 3668 esse
1046 3615 1392 3684 productum.
1415 3614 1649 3673 Oremus
1689 3619 1854 3688 igitur

279 3696 610 3765 Dominum,
658 3710 721 3755 ut
778 3703 952 3757 simus
999 3703 1318 3771 aediﬁcium,
1363 3704 1508 3774 quod
1558 3714 1852 3775 tempestas

279 3788 427 3843 nulla
458 3790 756 3856 subvertat,
810 3791 1092 3847 fundatum
1142 3809 1306 3863 supra
1353 3808 1585 3866 petram,
1617 3813 1714 3867 per
1746 3798 1852 3852 Do-

282 3882 490 3936 minum
527 3892 773 3939 nostrum
802 3883 988 3940 Jcsum
1021 3884 1321 3952 Christum,
1353 3886 1443 3941 cui
1472 3894 1557 3943 est
1592 3888 1762 3959 gloria
1796 3896 1851 3943 et

276 3971 566 4042 imperium
599 3975 653 4028 in
678 3975 873 4032 saecula
904 3978 1248 4033 saeculorum.
1281 3976 1474 4032 Amen.

798 4090 1080 4147 HOMILIA
1110 4088 1321 4146 XXVII.

278 4203 355 4258 De
389 4221 447 4258 eo
490 4206 627 4275 quod
662 4206 915 4275 scriptum
952 4216 1025 4259 est
1062 4222 1078 4258 :
1110 4223 1128 4256 ‹
1170 4204 1344 4259 Multa
1387 4204 1595 4276 quidem
1638 4215 1686 4257 et
1737 4206 1846 4258 alia

346 4274 627 4345 exhortans
661 4274 1033 4338 annuntiabat,
1073 4293 1093 4327 ι
1122 4292 1281 4345 usque
1311 4276 1378 4328 ad
1400 4274 1521 4328 eum
1547 4274 1718 4327 locum
1754 4276 1843 4327 ubi

347 4346 425 4414 ait
463 4361 537 4398 τί
584 4343 815 4413 Spiritus
864 4354 1077 4398 sanctus
1125 4343 1388 4400 deacendit
1430 4361 1586 4414 super
1624 4359 1764 4399 eum.
1818 4363 1838 4395 ι

339 4411 475 4484 Cap.
509 4430 588 4469 Ill.

342 4522 449 4589 Qui
492 4523 764 4595 Evangelii
809 4539 1117 4580 sermonem
1159 4523 1344 4589 docet,
1373 4538 1480 4577 non
1518 4540 1686 4579 unam
1724 4541 1837 4579 rem

1978 1257 2101 1311 quae
2144 1241 2417 1313 Evangelii
2460 1254 2645 1298 narrat
2685 1244 2937 1300 historia.
2984 1244 3237 1316 Exceptis
3280 1261 3410 1318 ergo
3460 1248 3548 1304 his

1977 1349 2098 1402 qua:
2123 1333 2323 1404 scripta
2355 1343 2506 1401 sunt,
2548 1335 2710 1390 etiam
2746 1336 2836 1391 illa
2864 1352 2985 1407 quae
3022 1338 3222 1407 scripta
3253 1353 3361 1393 non
3397 1349 3547 1407 sunt,

1978 1423 2333 1479 annuntiasse
2360 1433 2694 1480 monstratur
2727 1427 2781 1481 in
2818 1442 2883 1483 eo
2911 1428 3058 1497 quod
3097 1429 3297 1484 dicitur
3329 1448 3342 1483 :
3377 1430 3552 1485 Multa

1975 1512 2185 1582 quidem
2226 1523 2278 1566 et
2332 1513 2445 1566 alia
2492 1513 2776 1569 exhortans
2814 1516 3169 1570 annuntiabat
3218 1517 3430 1586 populo.
3486 1517 3553 1572 Et

1950 1632 1951 1635 η
1976 1604 2250 1672 quomodo
2283 1603 2336 1658 in
2369 1603 2662 1676 Evangelio
2685 1607 2984 1662 secundum
3015 1606 3281 1662 Joannem
3305 1609 3374 1664 de
3397 1608 3552 1663 Chri-

1975 1704 2060 1749 sto
2089 1694 2321 1751 refertur
2351 1695 2394 1728 ίδ
2426 1713 2439 1749 :
2473 1697 2614 1763 Quia
2648 1697 2818 1753 multa
2848 1707 2899 1752 et
2931 1698 3040 1753 alia
3068 1699 3274 1754 locutus
3306 1710 3405 1767 est,
3432 1718 3549 1772 qua:

1974 1802 2079 1840 non
2120 1797 2244 1841 sunt
2280 1789 2479 1858 scripta
2517 1789 2571 1841 in
2606 1788 2742 1842 libro
2778 1791 2902 1857 isto,
2941 1807 3059 1861 qua
3092 1791 3139 1845 si
3177 1792 3547 1862 scriberentur,
3646 1833 3648 1837 μ

1974 1895 2135 1949 neque
2172 1880 2348 1948 ipsum
2392 1890 2520 1950 puto
2565 1879 2818 1933 ntundum
2852 1898 3036 1951 capere
3084 1885 3317 1952 potuisse
3363 1885 3547 1953 libros,

1969 1971 2060 2041 qui
2088 1971 2350 2025 scribendi
2378 1982 2557 2037 erant;
2592 1974 2671 2028 sic
2700 1972 2832 2028 etin
2858 1974 3109 2044 praesenti
3135 1976 3255 2032 loco
3288 1977 3544 2049 intelligo,

1971 2063 2117 2131 quod
2160 2060 2387 2118 forsitan
2435 2062 2632 2129 Lucas,
2669 2064 2928 2134 quoniam
2969 2065 3176 2135 majora
3221 2068 3469 2137 quaedam
3510 2087 3547 2125 a

1968 2151 2178 2209 Joanne
2225 2155 2711 2221 annuntiabantur,
2760 2171 2923 2226 quam
2965 2168 3028 2211 ut
3071 2158 3329 2214 deberent
3352 2161 3547 2218 litteris

1966 2245 2148 2313 credi,
2193 2246 2423 2301 voluerit
2456 2262 2518 2302 ca
2570 2248 2890 2302 nominatim
2940 2248 3159 2316 dicere,
3192 2252 3288 2305 sed
3334 2261 3543 2307 tantum

1969 2336 2355 2408 signiﬁcaverit
2393 2340 2538 2409 quod
2581 2340 2723 2395 dicta
2773 2340 2882 2395 sint
2919 2358 2935 2395 :
2977 2349 3032 2395 et
3059 2340 3261 2397 idcirco
3292 2343 3497 2400 dixisse
3523 2359 3542 2397 :
3622 2359 3625 2363 ·

1970 2427 2147 2482 Multa
2178 2430 2387 2499 quidem
2414 2439 2464 2485 et
2491 2430 2603 2484 alia
2636 2430 2918 2485 exhortans
2950 2433 3305 2488 annuntiabat
3329 2437 3542 2505 populo.

1967 2519 2227 2575 Miremur
2269 2522 2487 2592 quidem
2519 2521 2782 2577 Joannem
2828 2538 2894 2578 ex
2940 2523 3025 2578 his
3062 2538 3184 2595 qua:
3216 2536 3540 2596 sequuntur,

1968 2612 2204 2668 maxime
2235 2613 2379 2684 quod
2424 2613 2561 2669 inter
2605 2621 2765 2669 natos
2798 2614 3085 2670 mulierum
3131 2617 3309 2686 major
3333 2617 3542 2675 Joanne

1968 2702 2206 2772 Baptista
2259 2717 2419 2758 nemo
2454 2702 2617 2758 fuerit
2654 2705 2720 2770 “,
2760 2714 2813 2760 et
2860 2706 2916 2759 in
2970 2714 3175 2761 tantam
3225 2709 3539 2778 opinionem

1965 2795 2160 2848 merito
2194 2794 2411 2848 virtutis
2455 2796 2779 2861 ascenderit,
2818 2806 2878 2852 ut
2913 2812 2942 2852 a
2986 2798 3259 2868 plerisque
3291 2799 3541 2857 Christus

1962 2894 2283 2955 putaretur;
2319 2886 2414 2941 sed
2446 2885 2590 2940 aliud
2631 2888 2803 2942 multo
2852 2889 3177 2945 mirabilius.
3213 2890 3326 2961 (75)
3368 2890 3541 2947 Hero-

1963 2977 2059 3031 des
2093 2978 2363 3032 tetrarcha
2414 2977 2651 3032 habebat
2681 2980 2885 3048 regiam
2928 2989 3272 3049 potestatem,
3298 2991 3358 3037 et
3390 2991 3541 3052 pote-

1964 3075 2050 3121 rat
2079 3082 2227 3130 eum,
2258 3082 2381 3121 cum
2413 3067 2694 3133 voluisset,
2729 3069 2978 3125 occidere
3010 3086 3025 3121 :
3066 3080 3121 3126 et
3150 3087 3274 3127 cum
3309 3087 3422 3127 rem
3461 3074 3541 3129 fe-

1962 3160 2127 3213 cisset
2155 3160 2433 3229 injustam,
2465 3166 2519 3212 ct
2549 3166 2737 3212 contra
2770 3159 2941 3229 legem
2977 3159 3183 3230 Moysi,
3216 3171 3278 3216 ut
3310 3178 3534 3219 uxorem
3576 3151 3591 3155 ”

1961 3246 2148 3303 fratris
2174 3249 2259 3303 sui
2292 3248 2582 3317 acciperet,
2610 3263 2732 3318 qua:
2763 3248 2999 3303 habebat
3041 3250 3204 3303 ﬁliam
3251 3251 3321 3307 de
3365 3252 3539 3322 priori

1962 3338 2104 3407 viro,
2138 3354 2245 3393 non
2274 3353 2398 3395 eum
2433 3338 2634 3406 timuit,
2683 3352 2792 3392 non
2827 3340 3036 3408 accepit
3083 3355 3397 3410 personam,
3428 3359 3538 3399 non

1959 3432 2256 3502 cogitavit,
2299 3440 2359 3486 ut
2401 3431 2545 3495 dixi,
2579 3432 2781 3502 regiam
2812 3439 3135 3500 potestatem
3159 3471 3174 3497 ,
3208 3450 3315 3487 non
3349 3433 3539 3489 formi-

1959 3522 2105 3576 davit
2126 3522 2437 3588 interitum;
2468 3521 2673 3576 sciebat
2696 3522 2866 3588 enim,
2897 3522 3111 3577 etiamsi
3140 3524 3399 3592 propheta
3425 3541 3535 3581 non

1957 3622 2123 3677 esset,
2169 3613 2315 3682 quod
2364 3612 2649 3667 lacessitus
2690 3625 2815 3665 eum
2863 3622 3050 3681 posset
3095 3614 3360 3670 occidere.
3409 3615 3536 3673 [hec

1959 3703 2124 3773 igitur
2173 3703 2429 3758 universa
2476 3719 2600 3757 cum
2644 3713 2865 3769 nosset,
2914 3704 3168 3759 libertate
3214 3707 3534 3776 prophetica

1956 3793 2225 3861 corripuit
2270 3792 2573 3858 Herodem,
2596 3802 2658 3848 et
2695 3794 2930 3850 incestas
2972 3795 3192 3864 nuptias
3224 3798 3441 3867 arguit,
3478 3808 3531 3853 et

1954 3883 2026 3938 ob
2067 3883 2121 3937 id
2163 3884 2383 3939 clausus
2426 3884 2480 3937 in
2515 3898 2753 3949 carcere,
2783 3900 2891 3938 non
2932 3884 3000 3940 de
3033 3896 3208 3941 morte
3240 3889 3526 3953 sollicitus,

1954 3990 2063 4030 non
2091 3975 2159 4030 de
2190 3976 2396 4031 incerto
2427 3977 2617 4046 judicii
2642 4017 2659 4044 ,
2692 3977 2783 4031 sed
2805 3977 2882 4031 -in
2922 3977 3155 4033 vinculis
3188 3979 3254 4035 de
3285 3978 3527 4046 Christo,

1951 4082 2114 4136 quem
2162 4068 2610 4130 annuntiaverat,
2664 4068 2955 4138 cogitabat.
3002 4068 3072 4123 Et
3122 4070 3248 4139 quia
3298 4071 3412 4139 ipse
3457 4072 3527 4127 ad

1951 4174 2076 4214 cum
2113 4159 2191 4212 ire
2222 4173 2329 4211 non
2375 4169 2605 4228 poterat,
2644 4160 2809 4213 mittit
2850 4160 3146 4230 discipulos
3176 4176 3306 4217 suos
3337 4163 3528 4217 scisci-

1944 4259 2125 4305 tantes
2148 4263 2164 4298 ε
2198 4246 2274 4301 Tu
2297 4266 2348 4304 es
2369 4250 2459 4319 qui
2481 4261 2727 4304 venturus
2747 4266 2820 4315 es,
2849 4267 2916 4303 an
2939 4251 3101 4304 alium
3124 4264 3485 4321 exspectamus
3499 4257 3527 4311 ἲ

1949 4342 2374 4407 Animadvertis,
2404 4342 2549 4411 quod
2589 4350 2644 4396 et
2682 4341 2737 4394 in
2780 4357 3001 4397 carcere
3042 4343 3307 4409 docuerit,
3334 4341 3522 4398 videns

1947 4451 2072 4492 eum
2098 4445 2153 4492 et
2187 4435 2239 4489 in
2273 4434 2365 4487 illo
2398 4434 2522 4488 loco
2569 4433 2864 4502 discipulos
2896 4434 3113 4499 habere,
3152 4444 3211 4489 et
3239 4450 3403 4503 quam
3448 4435 3539 4488 ob

1945 4543 2172 4587 causam
2224 4525 2422 4581 ibidem
2464 4539 2560 4594 per
2593 4538 2653 4578 se
2689 4524 2989 4579 erudiebat.
3038 4523 3179 4579 later
3205 4541 3326 4595 qum
3353 4525 3516 4579 etiam

274 4616 509 4684 nuntiat,
540 4619 631 4673 sed
656 4618 941 4689 plurimas
984 4616 1099 4672 Hoc
1133 4616 1329 4688 quippe
1358 4615 1638 4687 Scriptura
1668 4619 1833 4689 signi-
1871 4626 1914 4680 D
1945 4637 2068 4679 cum
2098 4620 2165 4675 de
2182 4616 2313 4673 Jesu
2349 4624 2466 4671 orta
2488 4624 2634 4671 esset
2668 4616 2915 4685 quaestio,
2949 4615 3116 4669 mittit
3144 4631 3208 4670 ex
3236 4615 3519 4687 discipulis

334 4747 405 4780 “‘
432 4747 456 4803 l
488 4748 617 4805 Cor.
648 4766 704 4815 ι,
730 4750 784 4805 4.
866 4751 909 4783 ³⁸
946 4748 1102 4804 Joan.
1132 4765 1248 4815 ut,
1283 4748 1374 4804 25.
1448 4749 1496 4781 “
1521 4747 1710 4805 Matth.
1739 4766 1816 4817 xl,
1848 4750 1936 4805 il.

274 4890 581 4964 πειρᾳᾳμρς
600 4892 782 4964 ,αὐτδν
827 4892 1092 4964 narrt-alque
1136 4892 1326 4947 πιστὸν
1344 4932 1359 4957 ,
1385 4894 1478 4946 καὶ
1509 4893 1838 4964 ὑπομονητι-

274 4909 581 4964 πειρασμος
622 4909 782 4946 αυτον
827 4909 1092 4962 πεποίηκε
1136 4909 1359 4957 πιστον,
1385 4909 1478 4946 και
1509 4909 1614 4946 orto
1657 4910 1838 4964 ονητι-

274 4962 388 5034 κῇν,
425 4961 539 5015 ἀλλ’
568 4957 730 5034 obeat:
754 4964 817 5034 ev
847 4962 997 5032 αὑτῷ
1011 4962 1248 5034 δύναμιν
1274 4909 1677 5034 ὑπομρνητικέν
1705 4965 1838 5031 ἐφα-

272 5031 527 5102 νέρωσεν.
548 5031 723 5102 Cupio
746 5033 909 5102 igitur
929 5031 1105 5085 videre
1129 5031 1395 5102 quomodo
1411 5031 1664 5102 Dominus
1691 5048 1836 5086 meus

271 5100 425 5171 Iesus
465 5100 619 5171 habet
660 5100 1029 5164 venl’ilabrum,
1065 5112 1114 5155 et
1142 5100 1263 5171 quo
1304 5110 1453 5171 vento
1490 5101 1656 5171 ﬂante
1690 5102 1836 5171 (nam

271 5169 359 5222 ubi
387 5185 502 5239 Anon
546 5170 642 5239 ﬂat
684 5180 894 5233 ventus,
924 5171 1114 5225 inutile
1156 5169 1234 5225 est
1280 5169 1650 5238 rentilabrum)
1684 5170 1838 5239 palea

269 5237 477 5304 quidem
506 5237 749 5308 rapiatur
774 5240 843 5293 ad
884 5241 1153 5309 proprium
1197 5240 1372 5294 locum
1391 5279 1407 5304 ,
1443 5237 1692 5293 triticum
1713 5256 1831 5293 vero

269 5317 472 5364 attritum
518 5324 767 5379 superans
808 5309 1079 5379 deferatur
1120 5311 1188 5364 ad
1231 5325 1406 5364 suum.
1442 5309 1519 5362 Ac
1565 5309 1676 5362 vide
1705 5325 1832 5379 num

271 5385 403 5450 forte
433 5378 746 5450 tentationes
783 5395 905 5450 qua:
931 5378 1110 5447 paleas
1151 5388 1458 5450 segregant,
1505 5388 1687 5433 ventus
1718 5378 1831 5450 sint

268 5446 355 5514 qui
400 5447 633 5500 triticum
682 5446 805 5501 vere
842 5446 1075 5501 triticum
1117 5446 1228 5504 esse
1277 5446 1658 5503 demonstrant.
1708 5446 1829 5502 Non

264 5515 404 5588 enim
444 5526 659 5588 ventus,
695 5517 865 5588 idest
905 5519 1159 5582 tentatio,
1204 5536 1321 5573 cum
1357 5520 1593 5588 aliquem
1634 5517 1826 5588 uincit,

262 5584 467 5652 paleam
486 5584 665 5656 ipsum
692 5587 863 5655 eﬂicit.
892 5587 988 5641 hoc
1016 5599 1112 5651 est,
1143 5589 1303 5644 levem
1334 5597 1383 5642 et
1414 5584 1710 5656 inﬁdelem,
1738 5587 1828 5640 sed

266 5667 381 5705 eum
419 5652 576 5707 talem
600 5652 936 5727 esse-arguit.
967 5656 1034 5709 Et
1064 5659 1110 5710 si
1148 5652 1484 5712 tentatioaem
1508 5659 1625 5727 quis
1657 5657 1824 5710 susti-

265 5732 405 5797 neat,
448 5739 550 5776 non
590 5740 707 5797 eum
732 5728 967 5797 tentatio
1003 5727 1209 5796 ﬁdelem
1252 5729 1375 5797 fecit
1412 5737 1460 5781 et
1495 5727 1822 5797 tolerantem,

265 5789 350 5910 aed
372 5790 619 5848 latentem
644 5794 697 5846 in
725 5793 817 5847 ille
855 5789 1125 5863 patientiae
1165 5789 1409 5852 uirtutem
1444 5796 1820 5865 manifestavit.

313 5873 480 5910 unus.

276 5873 480 5922 μυιυε.

2008 4891 2120 4962 (75)
2155 4890 2368 4966 Eaedem
2410 4892 2632 4966 scaeua
2671 4908 2697 4966 ξ
2736 4884 2906 4966 οὖτος
2954 4891 3291 4966 maenae;
3338 4892 3513 4966 ἔγημε

1936 4959 2036 5034 me
2064 4965 2298 5034 Tuvatiua.
2345 4962 2437 5034 τοῦ
2471 4960 2700 5034 ἀδελφοῦ
2732 4960 2898 5034 adeo];
2939 4959 3091 5034 παρὰ
3116 4959 3514 5034 τὸὺᾃΜωῦῤ-έῲς

1934 5030 2126 5102 νό⁷μον⁶
2180 5031 2295 5103 ἀλλ’
2344 5033 2374 5083 ὁ
2399 5031 2801 5103 -ᾁκατάλητξετος
2855 5030 3149 5103 name,
3195 5032 3249 5103 6A
3288 5033 3514 5103 μηδενὸς

1935 5049 2126 5102 νομον·
2180 5049 2292 5085 αλλ’
2344 5049 2374 5083 ο
2418 5049 2801 5101 ακαταΑηπτος
2869 5049 3149 5101 ἰωαννης,
3195 5049 3225 5083 ο
3288 5049 3512 5154 μηὶοενρς

1935 5103 2226 5174 arplio-apum;
2272 5100 2620 5174 iap§dev,_
2648 5101 2745 5174 ou_
2772 5099 3028 5170 φοϐηθεὶς
3080 5099 3181 5174 τὴν
3229 5101 3352 5174 past
3375 5119 3512 5174 ,ικην

1935 5164 2201 5235 ἐξουσίαν,
2235 5164 2357 5223 οὐδὲ
2381 5164 2542 5255 ἦγτον
2566 5164 3152 5292 πλῃρῶν’πρόφῐὶτικὴρ
3177 5164 3506 5243 πὰρῤησιαύ,

1936 5238 2130 5292 ἤλεγξε
2163 5239 2254 5292 τὸν
2295 5240 2541 5292 Ἦοωδην
2582 5242 2676 5292 ὲπι
2715 5255 2970 5292 παρανου.
2992 5258 3028 5292 α
3054 5257 3147 5292 του
3178 5240 3378 5292 γάαοψ
3415 5244 3506 5292 καὶ

1936 5238 2130 5312 ἧλεγξξ
2163 5239 2254 5312 τὸν
2295 5238 2541 5312 Ἡρώδην
2582 5238 2693 5312 Eni.—
2715 5238 3028 5312 παροίνρμίᾳ
3054 5238 3147 5292 τόῦ
3164 5238 3378 5312 gep‘ou}
3415 5244 3510 5298 καὶ

1938 5308 2294 5388 ξὲατεῖελεὶσθη
2320 5308 2696 5388 εμὲ-ερυήλακῂν,
2707 5308 2819 5388 3:511
2834 5379 2844 5388 _
2949 5308 3229 5388 μέρεμνῶν
3252 5308 3505 5388 θανάτου,

1937 5378 2208 5451 ὲμερζμνα
2230 5377 2368 5451 accpi.
2400 5377 2657 5451 Χριστοῦ.
2699 5377 2799 5451 Hic
2826 5377 3264 5451 illicite'tluzrerat
3291 5394 3509 5451 uxorem

1936 5446 2123 5518 fratris
2157 5449 2239 5518 sui
2280 5446 2467 5504 contra
2512 5449 2676 5517 legem
2726 5446 2927 5517 Moysis
2949 5464 2967 5501 :
2996 5457 3049 5501 at
3082 5447 3315 5518 Joannes
3365 5447 3507 5516 apud

1934 5517 2085 5589 quem
2110 5517 2258 5572 nulla
2283 5529 2394 5572 erat
2430 5519 2660 5587 acceptio
2697 5533 3061 5589 personarum,
3095 5517 3398 5589 quiquenec
3423 5533 3509 5571 re-

1933 5586 2077 5659 giam
2117 5597 2432 5659 potestatem
2466 5586 2857 5659 extimescebat,
2888 5603 3054 5659 neque
3081 5586 3254 5659 minus
3282 5586 3506 5659 liberta:-

1933 5653 2036 5712 tem
2082 5653 2438 5726 propheticum
2487 5656 2769 5726 implebat,
2822 5653 3075 5724 corripuit
3128 5653 3390 5708 Herodem
3439 5653 3507 5711 ob

1930 5728 2151 5781 illicitas
2181 5725 2430 5795 nuptias.
2482 5725 2550 5779 Et
2594 5726 2858 5795 conjectus
2900 5736 2975 5779 est
3018 5726 3072 5795 in
3111 5739 3410 5795 carcerem,
3452 5736 3507 5781 ct

1930 5797 1995 5851 de
2027 5805 2194 5853 morte
2224 5792 2357 5852 nihil
2394 5792 2695 5861 sollicitus,
2721 5795 2873 5849 unice
2907 5794 2970 5847 de
3009 5794 3218 5849 Christo
3257 5792 3496 5849 curabat.

1931 5867 2009 5920 lu.

1938 5941 2013 5952 -α
