4084 6302
353 259 492 318 ί875

1521 256 1585 311 ΙΝ
1626 254 1862 312 ΙΛΙΟΔΜ
1904 252 2186 306 IIOMILIA
2233 250 2421 306 XXIX.

3400 236 3404 238 Ἴ
3469 246 3606 303 1874

347 372 571 445 quando
592 372 978 429 conscendere.
1015 374 1116 440 Qui
1157 374 1298 430 enim
1332 375 1457 431 fecit
1481 391 1607 430 eum
1645 374 1798 429 caelis
1826 372 1919 427 tibi
1951 375 1998 429 Α
2025 384 2333 424 sermonem
2364 367 2478 422 Dei.
2512 365 2818 434 Congregat
2844 364 2912 418 de
2942 363 3243 433 prophetis.
3275 364 3342 418 de
3364 363 3508 432 lege,
3542 364 3611 418 de

349 465 789 531 descendentem,
827 468 1085 536 mulieres
1124 484 1232 522 non
1264 469 1556 538 quaslibet,
1605 468 1697 522 sed
1732 482 1926 536 pecca-

351 557 540 623 trices,
565 563 621 612 et
643 573 781 627 quas
816 556 1094 627 Scriptura
1122 560 1559 628 reprehenderat,
1595 559 1889 614 introducit
1913 579 1926 614 :

351 651 446 722 qui
486 667 617 707 vero
642 651 973 721 baptizatum
1004 660 1211 716 narrat,
1265 652 1469 707 nullius
1514 650 1642 706 facit
1686 652 1930 707 mulieris

354 742 704 796 mentionem.
745 739 801 794 In
835 738 1088 796 Matthaao
1127 740 1273 795 enim
1316 741 1368 773 ”
1394 779 1409 804 ,
1446 748 1506 794 ut
1534 739 1797 802 diximus,
1833 754 1933 794 no-

353 832 596 886 minatur
622 829 895 893 Thamar.
925 845 1050 899 quae
1086 845 1210 886 cum
1259 845 1451 886 socero
1495 829 1685 884 fraude
1729 843 1933 884 concu-

352 919 492 983 buit,
533 928 589 975 ct
641 917 788 974 Ruth
842 919 1099 976 Moabitis
1129 937 1228 976 nee
1277 921 1346 976 de
1392 937 1591 992 genere
1641 922 1934 976 lsraeizet

353 1010 528 1077 Raab,
560 1027 682 1082 qua:
714 1011 859 1066 unde
892 1021 1106 1082 surrupta
1137 1011 1228 1078 sit,
1265 1014 1407 1068 scire
1431 1029 1644 1083 nequeo
1677 1031 1689 1066 :
1715 1021 1769 1069 et
1798 1028 1931 1068 con-

352 1099 446 1171 iux
492 1097 656 1164 Uriaa,
689 1116 812 1170 quae
861 1100 1084 1156 violavit
1133 1103 1316 1157 mariti
1367 1111 1568 1158 torum.
1604 1101 1743 1168 Quia
1786 1103 1932 1157 enim

359 1191 624 1247 Dominus
646 1197 839 1247 noster
859 1201 1022 1262 atque
1058 1193 1308 1249 Salvator
1337 1194 1532 1250 adhoc
1574 1203 1836 1259 venerat,
1875 1203 1937 1251 ut

359 1283 642 1337 hominum
677 1293 898 1354 peccata
935 1286 1259 1355 susciperet,
1284 1294 1483 1340 etcum
1512 1286 1607 1356 qui
1645 1302 1754 1340 non
1789 1286 1935 1342 fece-

358 1383 441 1425 rat
476 1382 782 1441 pcccatum,
818 1389 915 1443 pro
938 1374 1098 1428 nobis
1129 1383 1408 1442 peccatum
1434 1373 1560 1428 fecit
1585 1373 1726 1428 Deus
1762 1390 1774 1426 :
1809 1389 1936 1443 pro-

359 1473 540 1532 pterea
571 1464 908 1520 descendens
943 1465 996 1518 in
1033 1464 1318 1529 mundum,
1343 1467 1644 1534 assumpsit
1683 1475 1934 1535 peccato-

358 1567 480 1605 rum
524 1553 802 1607 hominum
834 1552 1263 1621 vitiosorumque
1313 1567 1643 1621 personam,
1681 1563 1735 1607 et
1784 1552 1935 1607 nasci

359 1644 532 1697 voluit
567 1643 634 1697 de
666 1644 836 1713 stirpe
866 1642 1195 1706 Salomonis,
1235 1643 1393 1712 cujus
1428 1653 1649 1713 peccata
1691 1645 1934 1701 conscri-

360 1741 472 1801 pta,
497 1741 553 1788 et
589 1732 858 1801 Roboam,
889 1735 1047 1802 cujus
1081 1735 1275 1789 delicta
1307 1734 1576 1799 feruntur,
1603 1745 1654 1790 et
1683 1735 1750 1790 de
1775 1746 1936 1791 caete-

360 1825 458 1888 ris,
492 1840 522 1879 e
555 1825 756 1895 quibus
807 1826 961 1880 multi
998 1825 1244 1881 fecerunt
1294 1827 1496 1881 malum
1548 1828 1600 1881 in
1641 1839 1936 1898 conspectu

359 1913 475 1969 Dei.
507 1914 738 1981 Quando
778 1930 907 1970 vero
933 1916 1000 1970 de
1030 1917 1248 1973 lavacro
1280 1919 1621 1985 conscendit,
1652 1928 1705 1973 ct
1744 1935 1940 1974 secun-

357 2003 463 2059 dus
487 2006 620 2059 ordo
659 2021 781 2061 esse
810 2006 1161 2073 describitur,
1193 2023 1299 2061 non
1322 2023 1418 2076 per
1450 2007 1819 2073 Salomonem,
1843 2008 1937 2064 sed

358 2111 456 2164 per
482 2094 696 2151 Nathan
730 2097 995 2163 nascitur,
1020 2098 1113 2167 qui
1146 2097 1266 2167 ejus
1306 2099 1486 2169 arguit
1518 2108 1726 2168 patrem
1775 2116 1940 2170 super

358 2188 504 2244 Uriae
551 2198 726 2244 morte
756 2199 990 2260 ortuque
1046 2189 1378 2249 Salomonis.
1425 2192 1534 2249 Sed
1578 2196 1630 2249 in
1683 2195 1940 2252 Matthaeo

357 2295 573 2350 semper
596 2281 965 2350 generationis
1013 2298 1212 2340 nomen
1262 2286 1620 2356 adjungitur:
1675 2287 1764 2343 hic
1815 2304 1942 2345 vero

360 2371 577 2440 penitus
603 2372 828 2427 siletur:
864 2372 1138 2443 Scriptum
1169 2383 1252 2429 cst
1275 2375 1419 2430 enim
1451 2376 1521 2430 ibi
1552 2377 1634 2429 ἐς
1671 2379 1940 2432 Abraham

357 2462 533 2530 genuit
553 2458 730 2528 Isaac,
757 2459 917 2516 Isaac
939 2465 1115 2532 genuit
1136 2463 1327 2532 Iacob,
1349 2465 1514 2520 Iacob
1541 2469 1715 2537 genuit
1739 2466 1938 2521 Iudam

351 2563 407 2606 et
462 2553 656 2621 fratres
704 2553 844 2621 ejus,
876 2553 1050 2608 Iudas
1096 2557 1277 2626 genuit
1323 2556 1525 2612 Phares
1575 2570 1622 2612 et
1651 2558 1848 2613 larunt
1877 2561 1940 2615 de

363 2645 615 2712 Thamar,
645 2653 699 2701 ct
728 2663 902 2717 usque
927 2649 993 2702 ad
1024 2648 1182 2703 finem
1207 2689 1223 2714 ,
1265 2651 1473 2720 genuit,
1525 2667 1740 2722 semper
1773 2669 1941 2724 appo-

359 2740 525 2794 nitur.
561 2743 620 2794 ln
653 2740 802 2796 Luca
835 2757 982 2806 vero,
1014 2743 1104 2797 ubi
1145 2744 1212 2798 de
1256 2743 1475 2799 lavacro
1504 2748 1820 2802 conscendit
1851 2746 1942 2803 Ie-

359 2847 475 2894 sus,
508 2832 650 2886 filius
682 2834 882 2889 dicitur
908 2850 921 2886 :
955 2833 1101 2890 Sicut
1131 2836 1420 2905 putabatur
1443 2837 1588 2906 ﬁlius
1614 2837 1808 2908 Ioseph
1837 2857 1856 2896 :
1887 2849 1942 2896 et

359 2919 414 2973 in
469 2931 576 2974 tam
613 2923 782 2978 multa
832 2925 973 2979 serie
1006 2927 1322 2990 nominum,
1357 2937 1584 2997 excepto
1613 2930 1755 2999 quod
1782 2938 1940 2998 puta-

358 3013 516 3066 batur
545 3014 692 3082 ﬁlius
717 3016 946 3087 Ioseph,
983 3019 1348 3087 generationis
1389 3035 1586 3074 nomen
1637 3023 1935 3092 ascriptum
1966 3053 2008 3110 ο

358 3119 467 3160 non
499 3115 602 3161 est.
631 3106 688 3160 In
720 3107 974 3164 Mattlueo
1000 3125 1107 3165 non
1134 3119 1219 3164 est
1263 3111 1549 3180 scriptum,
1603 3113 1888 3182 incipiebat
1919 3133 1937 3171 :

359 3196 448 3251 hic
477 3213 642 3263 vero,
695 3199 824 3268 quia
870 3199 938 3254 de
989 3201 1316 3270 baptismate
1363 3217 1771 3258 conscensurus
1799 3215 1938 3274 erat,

359 3287 640 3354 incipiebat
671 3288 888 3358 legitur,
914 3289 1197 3359 Scriptura
1225 3290 1492 3346 referente
1522 3309 1534 3342 :
1579 3291 1649 3346 Et
1691 3295 1800 3364 ipse
1825 3305 1940 3349 erat

355 3374 512 3431 Iesus
572 3377 848 3448 incipiens.
876 3379 1110 3446 Quando
1161 3381 1306 3436 enim
1358 3383 1666 3452 baptizatus
1717 3396 1842 3456 est,
1888 3401 1941 3445 et

359 3469 677 3537 mysterium
709 3470 962 3525 secundae
989 3473 1358 3541 generationis
1407 3477 1746 3544 assumpsit,
1788 3487 1847 3532 ut
1883 3489 1936 3534 tu

357 3571 577 3626 quoque
602 3560 838 3627 priorem
868 3561 1207 3613 nativitatem
1231 3561 1503 3627 destruas,
1530 3572 1584 3616 et
1614 3563 1668 3617 in
1699 3567 1938 3622 secunda

359 3649 770 3716 regeneratione
813 3652 1089 3713 nascaris,
1136 3660 1265 3704 tunc
1305 3651 1506 3718 dicitur
1549 3654 1840 3724 incepisse.
1874 3657 1941 3712 Et

358 3739 634 3805 quomodo
660 3740 891 3809 populus
919 3738 1255 3808 Iudaeorum,
1284 3744 1506 3812 quando
1536 3754 1654 3800 erat
1689 3747 1742 3800 in
1769 3747 1939 3819 ngy-

359 3839 473 3900 pto,
512 3845 618 3884 non
652 3831 885 3886 habebat
913 3832 1127 3886 initium
1185 3835 1456 3889 mensium
1492 3854 1506 3890 :
1553 3839 1772 3906 quando
1810 3857 1936 3897 vero

357 3937 614 3992 egressus
652 3938 716 3977 ex
767 3921 1022 3992 lEgypto,
1061 3933 1189 3979 tunc
1229 3923 1338 3996 [αι.
1393 3925 1573 3999 nunc]
1625 3929 1825 3984 dicitur
1870 3933 1937 3985 ad

356 4029 482 4067 eum
508 4014 552 4044 ”
589 4031 604 4068 :
636 4013 828 4068 Mensis
853 4015 1018 4085 965
1045 4017 1142 4068 iste
1179 4017 1391 4069 initium
1429 4020 1687 4072 mensium
1729 4023 1935 4090 primus

354 4106 456 4159 erit
489 4103 632 4158 vobis
669 4105 735 4159 de
777 4107 1042 4159 mensibus
1092 4107 1220 4159 anni
1249 4123 1268 4160 :
1311 4107 1390 4162 sic
1433 4108 1529 4177 qui
1576 4109 1806 4164 necdum
1854 4120 1938 4168 est

359 4197 686 4265 baptizatus,
717 4213 815 4252 nec
844 4197 1075 4268 caepisse
1099 4209 1370 4252 narratur.
1408 4197 1518 4254 Nec
1549 4199 1695 4254 enim
1734 4200 1933 4258 frustra

358 4284 600 4339 additum
633 4294 885 4356 putemus
915 4286 981 4340 ad
1009 4285 1061 4340 id
1086 4285 1232 4355 quod
1265 4287 1506 4342 dicitur:
1541 4287 1663 4356 Ipse
1685 4300 1799 4344 erat
1844 4291 1937 4347 Ie-

2031 461 2312 530 apostolis,
2338 460 2501 514 verba
2525 457 2874 513 abundantiae
2899 473 2910 507 :
2939 456 3082 510 unde
3112 455 3333 525 quando
3356 455 3470 524 jam
3501 469 3611 509 non

2031 553 2347 608 scribuntur
2377 551 2521 614 libri,
2561 565 2661 604 nec
2690 564 2891 602 novum
2940 547 3161 617 aliquod
3211 546 3498 602 conficitur
3527 549 3613 600 in-

2031 651 2420 705 strumentum,
2450 655 2552 695 nec
2580 639 2870 694 mittuntur
2894 638 2962 691 ab
2993 637 3256 707 apostolis
3294 652 3357 691 ea
3378 652 3501 706 quae
3545 637 3615 689 ab

2030 729 2160 785 Iesu
2205 731 2257 784 in
2303 730 2500 783 horrea
2553 727 2931 798 apostolorum
2986 725 3200 780 fuerant
3247 735 3614 794 comportata,

2033 819 2140 875 hoc
2182 828 2268 874 est
2311 820 2364 874 in
2400 819 2614 874 animas
2640 833 2854 882 eorum,
2883 817 3241 887 omniumque
3271 824 3615 882 sanctorum,

2033 913 2328 969 distribuat
2349 920 2402 968 et
2434 912 2643 967 nutriat
2673 911 2968 981 Egyptum
3011 908 3155 964 fame
3191 909 3616 979 periclitantem,

2035 1003 2382 1072 maximeque
2407 1001 2627 1069 fratres,
2671 1001 2739 1055 de
2767 1001 2970 1070 quibus
3029 999 3332 1054 scribitur:
3368 996 3615 1052 Narrabo

2036 1115 2218 1152 nomen
2250 1106 2396 1148 tuum
2423 1094 2679 1165 fratribus
2708 1094 2857 1153 meis,
2901 1094 2955 1146 in
2991 1091 3162 1145 medio
3206 1090 3456 1146 Ecclesia:
3485 1108 3615 1145 can-

2037 1193 2157 1244 tabo
2191 1198 2242 1242 te
2268 1187 2334 1242 “.
2363 1185 2576 1240 Habent
2601 1193 2654 1239 ct
2688 1184 2778 1239 alii
2809 1183 3061 1238 homines
3095 1182 3260 1236 verba
3293 1183 3569 1253 patientia:
3601 1199 3612 1234 :

2036 1276 2311 1346 verbaque
2357 1273 2550 1344 judicii
2584 1281 2640 1327 et
2683 1272 3018 1341 reliquarum
3078 1270 3242 1325 verba
3308 1271 3616 1325 virtutum:

2037 1370 2141 1425 hoc
2180 1377 2261 1423 est
2294 1367 2536 1422 triticum
2569 1365 2714 1436 quod
2764 1363 2964 1433 Ioseph
2997 1362 3270 1433 lEgyptiis
3314 1363 3618 1419 distribuit.

2039 1459 2143 1514 Sed
2175 1458 2320 1512 aliud
2351 1465 2435 1512 est
2456 1455 2794 1510 frumentum
2822 1454 2968 1524 quod
2993 1452 3278 1521 fratribus,
3322 1453 3376 1508 id
3407 1461 3510 1520 est,
3537 1453 3619 1508 di-

2039 1550 2264 1620 scipulis
2296 1548 2410 1603 suis
2439 1546 2720 1602 distribuit
2745 1545 2812 1599 de
2841 1542 3052 1600 Iesscm
3083 1553 3229 1600 terra
3251 1583 3266 1609 ,
3296 1545 3364 1598 de
3393 1559 3457 1598 ea
3498 1559 3620 1614 quas

2039 1648 2105 1702 ad
2129 1647 2394 1702 orientem
2419 1644 2662 1713 respicit,
2684 1641 2927 1695 triticum
2950 1640 3346 1709 evangelicum,
3377 1639 3618 1694 triticum

2041 1740 2425 1811 apostolicum.
2459 1737 2536 1792 De
2570 1737 2673 1792 hoc
2704 1736 2886 1791 tritico
2914 1736 3179 1804 debemus
3212 1749 3382 1804 panes
3416 1733 3614 1798 facere.

2039 1832 2113 1886 ita
2147 1840 2329 1884 tamen
2381 1837 2441 1883 ut
2488 1845 2594 1882 non
2642 1827 3067 1884 commisceatur.
3111 1825 3282 1881 veteri
3323 1825 3619 1890 fermento,

2041 1922 2446 1991 habeamusqnc
2495 1935 2692 1990 panem
2741 1934 2941 1973 novum
2971 1918 3036 1973 de
3057 1917 3462 1987 Scripturarum
3518 1917 3618 1971 tri-

2041 2013 2182 2080 tico,
2217 2013 2561 2082 farinamque
2595 2011 2968 2066 commolitam
3004 2009 3057 2063 in
3089 2009 3307 2064 Christo
3342 2007 3493 2075 Iesu,
3530 2008 3616 2063 cui

2039 2115 2123 2162 est
2148 2106 2320 2176 gloria
2346 2114 2400 2161 ct
2432 2104 2722 2176 imperium
2747 2103 2802 2156 in
2831 2102 3030 2158 saecula
3052 2102 3397 2158 saeculorum.
3421 2100 3616 2155 Amen.

2570 2219 2858 2276 llOMlLlA
2891 2218 3085 2286 XXIX.

2042 2331 2118 2388 De
2140 2349 2199 2387 eo
2225 2333 2363 2402 quod
2392 2331 2648 2396 scriptum
2677 2339 2754 2382 est
2779 2343 2798 2382 :
2834 2346 2852 2378 ε
2885 2325 3041 2381 Iesus
3067 2333 3242 2402 autem
3281 2337 3465 2399 p.enus
3495 2317 3603 2401 Spi-

2111 2406 2215 2457 ritu
2237 2398 2429 2456 sancto
2479 2415 2709 2454 reversus
2738 2407 2814 2452 est
2846 2413 2864 2451 :
2902 2416 2922 2450 ι
2984 2405 3032 2452 et
3067 2398 3129 2448 de
3175 2398 3460 2448 tentatione
3503 2398 3613 2460 ejus

2109 2475 2304 2545 prima.
2334 2473 2466 2540 Cap.
2504 2485 2577 2524 tv.

2110 2565 2342 2632 Quando
2370 2562 2506 2632 legis
2538 2561 2592 2616 in
2643 2557 2940 2631 Evangelia
2967 2597 2983 2620 ,
3017 2555 3172 2610 Iesus
3203 2562 3382 2608 autem
3431 2552 3614 2621 plenus

2039 2655 2246 2727 Spiritu
2268 2663 2451 2708 sancto
2475 2669 2706 2707 reversus
2734 2661 2832 2713 est,
2854 2658 2909 2704 et
2925 2649 2978 2702 in
3003 2647 3227 2701 Actibus
3245 2644 3614 2714 apostolorum

2040 2743 2132 2798 ubi
2163 2742 2386 2806 dicitur,
2427 2740 2574 2812 quod
2609 2739 2799 2810 repleti
2833 2737 3036 2792 fuerint
3071 2735 3277 2804 Spiritu
3321 2743 3512 2788 sancto
3548 2735 3614 2797 ",

2040 2834 2162 2889 vide
2210 2849 2280 2888 ne
2329 2833 2566 2904 aequales
2608 2839 2764 2901 putes
2813 2845 2934 2885 esse
2967 2827 3242 2898 apostolos
3294 2825 3561 2880 Salvatori
3602 2843 3613 2878 :

2039 2924 2137 2982 sed
2165 2933 2219 2980 et
2241 2921 2453 2986 Iesum,
2485 2921 2798 2991 apostolos,
2845 2927 2898 2974 et
2946 2919 3112 2972 alium
3155 2915 3452 2985 quemlibet
3489 2930 3618 2968 san-

2040 3027 2251 3072 ctorum
2297 3017 2484 3086 plenos
2531 3013 2734 3083 Spiritu
2790 3019 2981 3067 sancto
3015 3024 3283 3079 cognosce
3317 3008 3615 3084 secundum

2044 3121 2358 3162 mensuram
2389 3104 2596 3160 vasculi
2646 3102 2730 3158 sui
2760 3120 2773 3156 :
2808 3111 2862 3156 et
2887 3100 3164 3170 quomodo
3185 3141 3200 3166 ,
3245 3097 3394 3152 verbi
3422 3095 3616 3164 gratia,

2043 3200 2090 3255 si
2117 3197 2358 3254 volueris
2405 3198 2587 3252 dicere
2612 3236 2627 3260 ,
2659 3194 2777 3248 haec
2805 3207 2934 3247 vasa
2967 3191 3126 3261 plena
3182 3198 3311 3244 sunt
3356 3189 3485 3242 vino
3533 3187 3620 3243 vel

2040 3292 2186 3356 oleo,
2210 3306 2317 3345 non
2341 3289 2527 3345 statim
2552 3285 2770 3356 judicas
2793 3284 2938 3354 quod
2961 3283 3156 3352 requaIi
3178 3295 3436 3336 mensura
3462 3279 3619 3349 plena

2041 3383 2150 3439 sint
2169 3382 2460 3453 (siquidem
2489 3377 2634 3432 aliud
2667 3375 2968 3433 sextarium
2996 3389 3192 3444 capere
3238 3381 3438 3443 potest,
3471 3371 3614 3425 aliud

2040 3485 2259 3533 urnam,
2289 3469 2434 3522 aliud
2468 3465 2832 3536 amphoram),
2864 3464 3054 3518 eodem
3091 3463 3252 3518 modo
3275 3473 3328 3516 et
3374 3461 3534 3517 Iesus
3565 3470 3620 3514 et

2040 3556 2243 3612 Paulus
2267 3557 2411 3626 pleni
2447 3565 2603 3609 erant
2636 3553 2843 3622 Spiritu
2890 3562 3078 3607 sancto
3113 3570 3126 3605 :
3163 3551 3258 3606 sed
3302 3552 3473 3605 multo
3523 3567 3617 3605 vas

2039 3643 2192 3700 Pauli
2222 3645 2402 3699 minus
2432 3653 2548 3698 erat
2571 3657 2697 3697 vase
2719 3641 2870 3706 Iesu,
2891 3651 2945 3695 et
2968 3654 3147 3696 tamen
3171 3649 3286 3695 erat
3313 3641 3614 3695 secundum

2040 3751 2353 3791 mensuram
2383 3751 2537 3790 suam
2560 3743 2856 3803 utrumque
2879 3733 3234 3802 completum.
3257 3731 3494 3800 Accepto
3517 3733 3618 3786 ita-

2037 3841 2146 3896 que
2173 3825 2467 3894 baptismo,
2501 3823 2754 3878 Salvator
2786 3823 2978 3891 plenus
3008 3820 3212 3890 Spiritu
3242 3829 3436 3875 sancto
3458 3861 3473 3883 ,
3521 3820 3614 3888 qui

2037 3933 2202 3987 super
2241 3931 2366 3971 eum
2399 3916 2449 3969 in
2506 3915 2688 3984 specie
2716 3912 2986 3969 columbae
3046 3913 3113 3967 de
3163 3912 3320 3967 caelis
3371 3925 3612 3977 venerat,

2036 4007 2339 4062 ducebatur
2406 4021 2437 4059 a
2499 4005 2716 4074 spiritu.
2783 4002 2925 4068 Quia
2968 4003 3108 4056 enim
3165 4013 3416 4072 quotquot
3489 4003 3616 4073 Spi-

2038 4099 2147 4152 ritu
2203 4097 2296 4150 Dei
2324 4097 2608 4162 duruntur,
2643 4096 2696 4148 lii
2729 4094 2833 4163 ﬁlii
2859 4103 2979 4147 sunt
3019 4093 3112 4147 Dei
3144 4095 3225 4160 '3;
3276 4095 3379 4150 iste
3426 4105 3612 4149 autem

2037 4197 2190 4242 extra
2225 4201 2416 4241 omnes
2445 4185 2661 4255 proprie
2686 4183 2856 4239 Filius
2879 4183 2972 4238 Dei
3011 4193 3149 4250 erat,
3179 4186 3300 4240 ideo
3337 4197 3390 4241 et
3431 4188 3608 4256 ipsum

2037 4275 2321 4346 oportebat
2358 4273 2561 4343 Spiritu
2605 4283 2794 4328 sancto
2837 4272 2983 4327 duci.
3025 4271 3306 4342 Siquidem
3349 4276 3611 4344 scriptum

357 4391 469 4440 sus,
504 4377 651 4444 quod
709 4377 990 4446 sequitur,
1034 4376 1313 4446 incipiens.
1364 4377 1472 4432 Sed
1526 4390 1580 4434 et
1615 4383 1762 4449 quod
1810 4384 1928 4439 ait:

2036 4380 2160 4423 est:
2195 4365 2494 4420 Ducebatur
2522 4373 2698 4420 autent
2737 4364 2793 4420 in
2829 4363 3093 4418 desertum
3135 4380 3169 4417 a
3209 4364 3423 4433 spiritu.
3458 4365 3613 4431 Qua-

358 4465 526 4532 Quasi
557 4483 816 4521 annorum
841 4468 1080 4538 triginta,
1105 4469 1586 4525 considerandum.
1609 4469 1810 4544 Ioseph
1843 4477 1938 4532 tri-

357 4556 505 4625 ginta
531 4571 800 4611 annorum
825 4565 963 4620 crat,
990 4557 1209 4627 quando
1241 4559 1504 4615 dimissus
1531 4574 1563 4614 e
1592 4561 1848 4633 vinculis,
1877 4575 1933 4622 et

355 4647 746 4715 interpretatus
777 4648 1051 4703 somnium
1090 4647 1417 4717 Pharaonis,
1449 4651 1668 4724 Egypti
1705 4656 1929 4713 effectus

354 4749 439 4794 est
459 4741 732 4829 princeps,
765 4740 1139 4810 ubertatisque
1169 4750 1412 4810 tempore
1442 4744 1682 4799 triticum
1707 4762 1935 4818 congre-

354 4831 520 4900 gavit,
549 4839 607 4885 ut
641 4829 800 4886 famis
835 4841 1079 4899 tempore
1109 4831 1334 4886 haberet
1375 4833 1521 4902 quod
1556 4834 1933 4894 distribueret.

353 4921 468 4992 Ego
529 4931 660 4992 puto
703 4922 845 4993 quod
865 4923 1082 4994 triginta
1107 4923 1234 4980 anni
1257 4922 1530 4993 Iosephin
1547 4929 1675 4995 typo
1712 4929 1934 5000 triginta

354 5029 624 5069 annorum
658 5015 1035 5083 praecesserint
1059 5013 1378 5071 Salvatoris.
1419 5016 1523 5070 Iste
1556 5019 1702 5072 cutim
1725 5019 1928 5092 Ioseph

355 5119 461 5158 non
499 5104 603 5159 tale
635 5104 876 5160 triticum
899 5106 1271 5176 congregavit,
1301 5107 1461 5176 quale
1489 5106 1542 5160 in
1579 5107 1814 5181 IEgypto
1839 5113 1930 5169 ille

352 5191 578 5264 Ioseph,
611 5195 705 5250 sed
739 5196 980 5251 triticum
1010 5213 1222 5263 verum,
1250 5207 1414 5266 atque
1434 5198 1678 5267 cmleste,
1705 5212 1764 5256 ut
1790 5211 1929 5258 tem-

356 5300 484 5352 pore
517 5286 781 5343 ubertatis
812 5289 995 5344 tritico
1027 5298 1356 5359 congregato
1390 5291 1614 5347 haberet
1643 5294 1790 5363 quod
1815 5295 1927 5352 dis—

355 5373 634 5440 trilnteret,
663 5393 788 5432 cum
813 5377 986 5434 fames
1011 5389 1159 5434 esset
1189 5380 1356 5435 missa
1397 5381 1450 5435 in
1479 5381 1794 5455 Egyptum,
1821 5401 1926 5440 non

356 5461 528 5521 fames
553 5467 732 5536 panis,
761 5484 937 5538 neque
974 5470 1097 5525 sitis
1119 5485 1297 5541 aquae,
1334 5473 1430 5528 sed
1455 5473 1628 5529 fames
1670 5477 1926 5531 audiendi

430 5649 474 5680 ³³
505 5650 637 5721 Cap.
666 5666 702 5705 ι.
780 5653 824 5686 ³³
847 5651 1039 5709 Matth.
1065 5651 1180 5720 t,2,
1210 5655 1264 5710 3.

1361 5655 1406 5687 "
1436 5654 1586 5710 Exod
1645 5671 1742 5724 xtl,
1775 5657 1829 5711 Ξ.
1909 5657 1955 5688 ²⁶
1979 5655 2122 5712 Psal.
2161 5669 2274 5718 xxi,
2303 5653 2396 5708 2‘2.

2039 4458 2288 4528 draginta
2318 4456 2511 4511 diebus
2547 4464 2786 4509 tentatur
2813 4453 2992 4521 Iesus,
3027 4463 3081 4509 et
3116 4470 3238 4524 quae
3269 4454 3470 4509 fuerint
3497 4465 3612 4510 ten-

2039 4558 2278 4606 tamenta
2327 4547 2604 4603 nescimus
2631 4562 2644 4599 :
2681 4561 2805 4616 quae
2837 4545 2960 4601 ideo
2991 4544 3218 4600 forsitan
3247 4548 3611 4616 praetermissa

2035 4649 2185 4708 sunt,
2219 4640 2347 4710 quia
2377 4639 2586 4710 majora
2611 4647 2769 4693 erant
2798 4653 2963 4708 quam
3001 4647 3060 4692 ut
3099 4637 3296 4693 litteris
3326 4640 3610 4694 crederen-

2035 4742 2142 4786 tur.
2186 4730 2254 4785 Et
2287 4731 2332 4786 si
2375 4731 2454 4786 sic
2483 4739 2696 4801 oportet
2747 4730 2950 4797 dicere,
2983 4729 3125 4785 sicut
3158 4730 3393 4785 mundus
3421 4745 3612 4801 capere

2033 4839 2144 4879 non
2174 4830 2384 4893 poterat
2416 4836 2610 4877 omnes
2644 4821 2837 4887 libros,
2873 4822 2920 4876 si
2969 4822 3171 4892 scripta
3213 4821 3447 4878 fuissent
3491 4839 3612 4892 quae

2031 4917 2158 4974 fecit
2185 4926 2239 4972 et
2258 4913 2656 4972 docuitIesus:
2698 4917 2778 4971 sie
2801 4916 3165 4986 quadraginta
3191 4916 3403 4970 dierum
3436 4925 3611 4971 tenta-

2033 5011 2211 5066 tiones
2236 5010 2438 5080 quibus
2467 5017 2706 5064 tentatus
2721 5018 2806 5064 est
2841 5007 3104 5064 Dominus
3125 5023 3155 5062 a
3182 5009 3421 5074 diabolo,
3447 5023 3607 5062 mun-

2035 5106 2138 5159 dus
2169 5102 2311 5157 ferre
2341 5117 2451 5157 non
2478 5109 2711 5171 poterat,
2744 5101 2790 5154 si
2817 5099 3100 5170 Scriptura
3133 5100 3430 5155 docuisset.
3453 5097 3613 5152 Sulli-

2032 5193 2106 5248 cit
2130 5192 2286 5250 nobis
2305 5192 2410 5246 hoc
2428 5200 2641 5246 tantum
2673 5192 2836 5255 scire,
2866 5190 3011 5261 quod
3034 5191 3393 5262 quadraginta
3417 5187 3614 5245 diebus

2032 5285 2088 5338 in
2119 5283 2339 5338 deserto
2364 5281 2552 5349 fuerit,
2576 5292 2630 5338 et
2665 5282 2979 5336 tcntabatur
3021 5298 3052 5336 a
3095 5280 3348 5346 diabolo,
3399 5288 3452 5332 et
3505 5293 3613 5333 non

2030 5377 2329 5433 comederit
2365 5376 2666 5448 quidquam
2716 5374 2770 5432 in
2818 5373 3010 5428 diebus
3072 5373 3200 5427 illis.
3251 5369 3612 5423 Murtificahat

2029 5470 2174 5525 enim
2209 5484 2431 5525 sensum
2465 5467 2648 5523 carnis
2693 5466 2809 5536 jngi
2848 5465 3215 5533 continuoque
3250 5463 3458 5532 jejunio
3491 5476 3504 5510 :
3557 5471 3612 5516 et

2493 5651 2536 5682 ³⁷
2562 5649 2684 5704 Act.
2717 5665 2776 5717 ll,
2810 5649 2856 5705 4.
2957 5648 3001 5680 ⁸⁵
3033 5646 3185 5699 Rom.
3223 5657 3336 5702 \‘lll,
3387 5640 3468 5693 Η.
