4084 6302
421 323 550 381 1881

1577 317 1647 374 IN
1686 316 1924 374 LUCAM
1967 317 2249 376 IIOMILIA
2289 314 2502 372 XXXII.

3545 307 3682 367 1889

415 448 474 498 et
499 440 887 509 interpretatur
909 437 1039 492 illud
1073 437 1140 492 de
1165 434 1404 499 Christo,
1435 433 1579 502 quod
1607 435 1811 490 nonde
1837 435 1996 489 Clu-i-
2026 441 2072 497 Α
2100 444 2422 504 potestatem
2465 429 2821 489 conculcandi
2881 439 2954 494 te,
2998 439 3051 486 et
3096 401 3279 486 datam
3329 430 3489 488 nobis
3541 429 3685 483 hanc

416 540 524 594 sto,
559 530 652 584 sed
678 530 744 584 de
777 529 984 584 sanctis
1011 527 1335 598 generaliter
1363 525 1627 594 scriptum
1661 534 1765 581 est.
1798 524 1990 580 Libero

415 621 615 690 quippe
639 631 690 674 et
717 627 826 673 tota
853 616 1178 673 conﬁdentia
1203 615 1519 671 contradico
1553 615 1792 680 diabolo,
1825 631 1991 684 super

414 707 618 766 Ctnisti
641 723 869 779 persona
901 707 1004 762 hoc
1025 721 1134 761 non
1163 721 1321 776 posse
1349 704 1595 774 intelligi.
1626 703 1812 775 Neque
1843 706 1989 760 enim

417 800 620 870 indiget
667 800 982 869 angelorum
1029 797 1255 863 auxilio,
1299 798 1393 868 qui
1445 798 1621 868 major
1665 797 1891 867 angelis,
1939 805 1994 852 et

417 893 616 948 melius
666 892 802 961 ipsis
852 892 1221 967 hereditatem
1277 900 1604 947 consecutus
1661 900 1716 946 et
1769 905 1990 945 nomen.

411 983 560 1039 Nulli
599 985 914 1055 angelorum
961 997 1203 1053 unquam
1233 983 1374 1038 dixit
1418 983 1560 1037 Deus
1589 1001 1603 1036 :
1639 982 1815 1036 Filius
1848 999 1992 1037 meus

414 1093 470 1131 es
498 1085 574 1139 tu,
601 1091 693 1145 ego
721 1074 872 1130 hodie
898 1075 1051 1146 genui
1071 1085 1120 1129 te
1147 1075 1234 1128 ιδ’.
1253 1073 1334 1129 Ad
1373 1074 1583 1128 nullum
1610 1089 1798 1128 eorum
1835 1072 1992 1142 quasi

417 1168 486 1223 ad
515 1166 710 1221 Filium
746 1166 962 1221 loeutus
994 1181 1007 1217 :
1045 1164 1150 1230 Qui
1179 1165 1310 1234 facit
1355 1164 1566 1233 angelos
1601 1180 1723 1218 suos
1751 1165 1992 1233 spiritus,

416 1270 466 1312 et
495 1258 762 1310 ministros
808 1273 929 1310 suos
961 1257 1132 1342 igngnt
1169 1267 1403 1310 urentem
1434 1255 1512 1320 ³⁸;
1559 1255 1653 1309 sed
1697 1255 1762 1309 ad
1794 1255 1990 1310 Filiqu

416 1349 632 1420 proprie
657 1365 841 1415 suum,
859 1350 926 1403 de
947 1363 1057 1418 quo
1084 1346 1500 1402 innumerabilia
1522 1347 1765 1417 loquitur
1788 1348 1841 1400 in
1869 1363 1994 1417 pro-

417 1441 612 1511 phetis.
645 1439 763 1496 Non
796 1441 1019 1510 indiget,
1051 1441 1296 1511 inquam,
1325 1442 1639 1509 angelorum
1666 1439 1871 1494 auxilio
1901 1439 1994 1493 Fi-

417 1530 523 1584 lius
555 1529 670 1584 Dei.
707 1529 851 1595 Quin
883 1530 1063 1599 potius
1096 1529 1268 1596 disce,
1302 1531 1538 1595 diabole,
1569 1529 1719 1600 quod
1768 1528 1873 1583 nisi
1900 1527 1993 1583 Je-

416 1635 512 1677 sus
541 1621 810 1690 adiuverit
843 1620 1065 1691 angelos
1104 1619 1241 1690 (86),
1276 1620 1547 1676 oﬂ‘endent
1576 1621 1766 1691 pedem
1810 1636 1992 1675 suum.

417 1710 486 1766 Et
517 1712 561 1767 si
588 1712 712 1781 quis
745 1713 1061 1781 angelorum
1093 1712 1243 1767 visus
1265 1722 1348 1767 est
1374 1713 1668 1776 oﬁ’endere,
1700 1713 1768 1768 de
1793 1713 1993 1782 quibus

2091 530 2393 591 ditionem,
2448 540 2556 580 non
2597 525 2775 579 solum
2821 523 2873 577 in
2923 522 3098 578 Veteri
3152 521 3500 578 Testamento
3538 521 3680 575 sicut

2092 631 2237 671 nunc
2261 622 2517 669 cantatur
2559 613 2613 666 in
2643 613 2875 681 psalmo,
2913 613 3006 667 sed
3039 613 3202 667 etiam
3238 613 3296 666 iu'
3330 610 3505 676 Novo,
3556 611 3680 664 Sal-

2093 717 2277 764 vatore
2309 705 2522 761 dicente
2540 704 2582 735 “
2609 722 2621 757 :
2659 703 2793 757 Ecce
2818 704 2886 757 do
2919 704 3060 758 vobis
3097 713 3405 774 potestatem
3428 705 3680 758 calcandi

2093 815 2249 866 super
2297 805 2558 866 serpentes
2605 804 2655 850 et
2711 796 3032 864 scorpiones,
3075 807 3124 849 et
3172 811 3376 850 omnem
3431 797 3681 850 virtutem

2092 889 2317 952 inimici,
2367 895 2418 940 et
2463 886 2596 941 nihil
2642 886 2784 940 vobis
2837 886 3113 940 nocebunt.
3173 886 3471 942 Sumamus
3528 902 3679 942 arma

2094 986 2242 1032 tanta
2282 985 2548 1047 potestate
2592 976 2812 1041 ﬁrmati,
2859 987 2913 1032 et
2964 979 3218 1034 universa
3268 978 3575 1035 faciamus:
3622 985 3684 1033 ut

2097 1084 2191 1138 per
2236 1068 2708 1122 conversationem
2754 1077 2998 1122 nostram
3040 1070 3251 1124 leonem
3287 1072 3676 1128 coneulcemus

2094 1169 2148 1215 et
2176 1159 2492 1214 draconem.
2525 1157 2697 1213 Porro
2734 1167 2796 1213 ut
2829 1160 2973 1214 scias
3006 1162 3283 1230 quomodo
3323 1163 3677 1218 conculcetur

2096 1256 2178 1311 leo
2206 1267 2262 1312 .et
2318 1264 2632 1312 conteratur
2664 1255 2850 1317 draco,
2893 1255 3048 1310 Pauli
3097 1255 3394 1326 Epistolam
3432 1258 3569 1328 lege,
3619 1259 3672 1311 in

2094 1363 2200 1418 qua
2228 1347 2423 1402 asserit
2466 1346 2774 1401 conculcari
2813 1355 3128 1412 peccatores
3178 1346 3314 1400 Filio
3361 1347 3473 1401 Dei.
3521 1346 3676 1401 Sicut

2093 1452 2224 1507 ergo
2273 1437 2365 1506 qui
2405 1448 2654 1506 peccator
2701 1445 2785 1491 est
2831 1437 3182 1492 conculcatur
3234 1438 3374 1492 Filio
3417 1438 3556 1494 Dei:
3593 1439 3675 1492 sic

2093 1528 2401 1582 econtrario
2435 1528 2528 1597 qui
2555 1527 2737 1595 justus
2765 1537 2850 1582 est
2879 1530 3165 1582 eoneulcat
3215 1528 3425 1582 leonem
3453 1537 3507 1582 et
3537 1529 3668 1583 dra-

2094 1632 2307 1681 Ctmem,
2335 1629 2389 1672 et
2416 1633 2632 1672 omnem
2661 1617 2912 1672 virtutem
2945 1619 3148 1672 inimici
3175 1619 3458 1674 conculeat
3484 1622 3536 1673 in
3573 1637 3671 1675 uo-

2095 1724 2240 1763 mme
2263 1708 2430 1777 970
2458 1705 2585 1762 Jesu
2613 1706 2838 1768 Christi,
2863 1707 2951 1761 cui
2982 1715 3064 1762 est
3087 1708 3259 1779 gloria
3287 1716 3340 1763 et
3378 1709 3669 1778 imperium

415 1803 620 1858 dudum
647 1805 843 1858 lectum
867 1813 972 1869 est,
999 1805 1125 1874 quia
1151 1803 1363 1874 angelos
1378 1804 1741 1873 judicabimus
1765 1804 1812 1836 "
1839 1823 1851 1857 :
1879 1805 1997 1859 ideo
2031 1809 2070 1863 Β
2101 1800 2154 1854 in
2187 1801 2384 1854 saecula
2419 1799 2765 1854 smculorum.
2789 1798 2983 1853 Amen.

415 1895 661 1962 offendit,
689 1896 816 1965 quia
852 1910 959 1949 non
987 1895 1228 1949 extendit
1254 1911 1474 1949 manum
1507 1912 1660 1950 suam
1690 1897 1755 1950 ad
1782 1894 1991 1960 Jesum,

416 1997 476 2040 ut
499 1987 873 2056 apprehensus
899 1987 967 2040 ab
991 2001 1055 2041 eo
1077 2001 1184 2039 non
1211 1985 1525 2041 oﬁeuderet.
1552 1987 1822 2053 Quoniam
1847 1987 1991 2041 enim

417 2077 471 2132 in
510 2079 728 2148 propria
775 2076 976 2132 virtute
1020 2075 1320 2142 conﬁdens,
1374 2092 1482 2131 non
1535 2077 1754 2132 invocas
1805 2078 1994 2146 ιιι-τοδὶ-

413 2169 563 2222 dium
599 2167 748 2234 .Icsu,
783 2168 1034 2232 oﬁ'endis,
1067 2175 1121 2221 et
1163 2167 1384 2222 credere
1415 2167 1469 2222 iu
1496 2166 1680 2222 Jesum
1711 2168 1990 2223 Christum

413 2257 609 2314 Filium
642 2259 731 2313 Dei
775 2258 1019 2313 noluisti.
1056 2257 1127 2312 Ut
1157 2266 1338 2312 autem
1373 2259 1516 2312 scias
1540 2259 1684 2327 quod
1722 2259 1864 2313 male
1904 2259 1989 2312 in-

416 2357 741 2418 terpretatus
768 2363 848 2415 es,
885 2356 940 2402 et
963 2363 1070 2402 non
1098 2347 1164 2401 de
1197 2346 1436 2411 Christo,
1470 2349 1562 2402 sed
1591 2348 1658 2402 de
1681 2349 1886 2404 sanctis
1916 2348 1993 2402 in-

413 2439 579 2508 telligi
612 2453 734 2508 quae
766 2445 1086 2508 sequantur,
1120 2438 1390 2492 ausculta.
1433 2437 1478 2490 A
1514 2438 1671 2492 ruina
1701 2448 1754 2493 et
1781 2439 1989 2494 daemo-

414 2529 508 2584 nio
538 2528 839 2583 meridiano
869 2527 914 2558 ⁸⁷
947 2542 1056 2581 non
1081 2525 1266 2583 Iesum
1301 2527 1578 2583 Christum
1608 2528 1800 2583 liberat
1822 2529 1986 2596 Deus,

412 2619 506 2675 sed
549 2627 796 2674 sanctos.
850 2618 988 2689 Lege
1029 2618 1442 2687 nonagesimum
1494 2618 1785 2686 psalmum,
1830 2621 1989 2690 cujus

411 2709 735 2780 principium
765 2728 777 2763 :
809 2709 916 2775 Qui
957 2709 1164 2763 habitat
1203 2709 1257 2762 in
1304 2709 1571 2778 adjutorio
1606 2708 1896 2772 Altissimi,
1931 2711 1986 2763 in

411 2803 729 2868 protectione
778 2801 876 2855 Dei
922 2801 1039 2856 cteli
1073 2800 1491 2855 commorabitur
1531 2801 1598 2866 ⁸⁸,
1639 2809 1695 2856 et
1746 2801 1988 2856 invenies

412 2892 528 2946 hate
557 2891 732 2962 magis
773 2891 922 2961 justo
969 2892 1106 2952 viro,
1139 2907 1301 2961 quam
1348 2891 1442 2946 Dei
1475 2890 1613 2946 Filio
1659 2891 1982 2947 convenire:

411 2979 612 3034 Cadent
644 2997 677 3032 a
707 2981 870 3034 latere
903 2991 992 3034 tuo
1020 2979 1183 3044 mille,
1209 2989 1259 3033 et
1299 2979 1476 3033 decem
1510 2980 1683 3034 millia
1715 2997 1748 3034 a
1781 2981 1983 3035 dextris

410 3073 554 3133 tuis;
595 3072 665 3125 ad
706 3082 755 3126 te
787 3081 964 3125 autem
1006 3087 1107 3124 non
1137 3071 1598 3141 appropinquabit,
1630 3081 1982 3126 verumtamen

2620 1907 2912 1964 IIOMILIA
2936 1908 3152 1964 XXXII.

2098 2023 2173 2079 De
2205 2038 2264 2078 eo
2306 2023 2444 2093 quod
2474 2022 2732 2092 scriptum
2759 2031 2877 2076 est:
2921 2042 2938 2074 ‹
2992 2021 3243 2093 Reversus
3285 2032 3362 2076 cst
3405 2024 3565 2077 Jesus
3615 2023 3670 2074 in

2164 2091 2358 2148 virtute
2383 2093 2627 2161 spiritus,
2667 2113 2686 2144 ι
2726 2108 2888 2161 usque
2929 2091 2998 2144 ad
3036 2108 3153 2145 cum
3187 2093 3382 2154 locum,
3432 2093 3521 2144 ubi
3553 2092 3668 2145 ait:

2167 2181 2186 2215 ι
2223 2163 2291 2216 Ει
2324 2164 2559 2216 omnium
2589 2163 2728 2216 oculi
2755 2172 2904 2216 erunt
2937 2165 2993 2215 in
3033 2178 3302 2232 synagoga
3347 2161 3670 2216 intendente:

2162 2235 2220 2287 in
2251 2249 2391 2288 eum.
2432 2251 2450 2284 ι
2487 2232 2621 2303 Cap.
2663 2247 2737 2286 tv.

2155 2339 2400 2394 Primum
2431 2339 2652 2410 quidem
2687 2337 2848 2395 Iesus
2880 2339 3073 2410 plenus
3114 2341 3320 2410 Spiritu
3357 2349 3549 2397 sancto
3581 2357 3665 2395 re-

2089 2446 2284 2486 versus
2307 2440 2392 2487 est
2424 2445 2453 2485 a
2483 2429 2743 2494 Iordane,
2772 2439 2827 2485 et
2874 2431 3141 2501 agebatur
3179 2433 3233 2486 in
3265 2433 3458 2502 spiritu
3489 2433 3546 2486 in
3575 2433 3671 2486 dc-

2090 2530 2236 2578 serto
2258 2521 2452 2578 diebus
2480 2521 2862 2592 quadraginta.
2886 2522 3024 2577 Cum
3048 2530 3346 2577 tentaretur
3371 2538 3402 2577 a
3429 2522 3667 2589 diabolo,

2089 2612 2202 2684 (88)
2245 2613 2374 2684 quia
2415 2615 2592 2669 adhuc
2619 2613 2672 2668 vi
2713 2621 3020 2670 certaturus
3051 2622 3169 2671 erat
3198 2614 3462 2670 adversus
3511 2629 3663 2677 eum,

2086 2714 2142 2760 ct
2173 2706 2362 2770 semel,
2395 2715 2448 2761 et
2477 2706 2581 2772 bis,
2611 2722 2717 2762 non
2760 2721 2886 2762 cum
2933 2707 3304 2762 additamento
3337 2705 3523 2776 aliquo
3551 2706 3668 2775 spi-

2088 2798 2222 2852 ritus
2264 2799 2504 2867 ponitur.
2550 2799 2780 2866 Quando
2828 2816 2956 2856 vero
3002 2810 3112 2856 tres
3162 2801 3490 2855 tentationes
3532 2814 3672 2869 quas

2089 2888 2371 2960 Scriptura
2409 2901 2825 2957 commemorat,
2855 2892 3150 2963 pugnando
3188 2892 3486 2962 superavit,
3537 2891 3668 2961 quid

2084 2987 2152 3042 de
2175 2988 2369 3056 spiritu
2423 2987 2703 3058 signantcr
2732 2997 2999 3056 cauteque
3033 2989 3302 3056 ponatur,
3343 2985 3417 3039 ait
3449 3001 3466 3040 :
3499 2983 3566 3037 Et
3591 2999 3673 3037 re-

2089 3095 2263 3134 versus
2288 3090 2364 3134 est
2395 3078 2551 3134 Jesus
2577 3080 2632 3132 in
2659 3080 2850 3132 virtute
2871 3080 3112 3147 spiritus.
3140 3077 3328 3132 Virtus
3358 3075 3538 3131 addita
3565 3084 3673 3140 est,

407 3163 576 3218 oculis
612 3164 717 3217 tuis
769 3162 988 3226 videbis,
1032 3172 1083 3216 et
1110 3163 1509 3216 retributionem
1539 3165 1762 3232 aspicies
1799 3180 1982 3232 pecca-
2013 3144 2055 3202 ο
2089 3171 2218 3241 quia
2259 3170 2676 3227 conculcaverat
2699 3144 3016 3235 draconem,
3046 3178 3101 3224 ει
3151 3176 3473 3223 tentatorcm
3501 3167 3675 3222 comi-

408 3265 584 3310 torum
617 3256 683 3320 ⁸³,
707 3264 763 3311 et
788 3256 1018 3324 reliqua,
1046 3271 1210 3325 super
1239 3271 1529 3325 personam
1557 3256 1690 3325 justi
1723 3256 1991 3326 interpre-

409 3355 551 3403 tans.
590 3348 694 3403 Sed
723 3357 775 3402 et
803 3348 884 3404 sie
910 3363 1130 3419 quoque
1176 3364 1431 3419 perverse
1463 3348 1702 3404 aﬁ'erens
1733 3349 1988 3405 diabolus

405 3439 742 3506 testimonia,
774 3448 836 3494 ut
884 3446 1153 3496 assereret
1199 3455 1364 3508 super
1410 3439 1692 3494 Salvatoro
1731 3439 1983 3509 intelligi,

406 3527 530 3582 silet
559 3535 614 3581 ct
649 3527 842 3581 transit
870 3527 1171 3580 versiculos
1194 3527 1289 3593 qui
1318 3534 1508 3579 contra
1537 3541 1596 3579 se
1621 3526 1809 3594 scripti
1834 3537 1984 3581 sunt.

405 3618 544 3672 Cum
573 3617 718 3670 enim
746 3617 977 3671 dixisset
1012 3634 1026 3669 :
1075 3617 1274 3686 angelis
1305 3617 1414 3670 suis
1447 3617 1717 3669 mandavit
1746 3618 1809 3670 de
1840 3627 1907 3682 te,
1935 3627 1986 3672 et

404 3709 460 3760 in
493 3708 733 3762 manibus
777 3708 959 3761 tollent
1005 3717 1071 3772 te,
1099 3722 1164 3759 ne
1190 3707 1325 3775 forte
1355 3705 1592 3773 o/fendas
1632 3706 1702 3758 ad
1753 3706 1986 3774 lapidem

404 3800 585 3868 pedem
611 3809 781 3864 tuum,
811 3799 980 3853 tacuit
1006 3798 1136 3852 illud
1165 3797 1311 3866 quod
1337 3797 1582 3867 sequitur
1606 3813 1619 3848 :
1650 3795 1822 3866 Super
1839 3798 1986 3866 aspi-

403 3890 520 3944 dem
549 3900 598 3943 et
640 3889 946 3943 basiliscum
983 3888 1301 3956 ambulabis,
1329 3898 1378 3942 et
1418 3888 1749 3942 conculcabis
1781 3887 1985 3943 leonem

402 3989 452 4034 et
473 3981 774 4034 draconem.
808 3980 1009 4046 Quare,
1057 3980 1290 4043 diabolo,
1323 3979 1470 4043 siles,
1503 3981 1605 4044 nisi
1647 3979 1791 4048 quod
1832 3989 1886 4035 tu
1921 3995 1983 4036 es

405 4072 711 4134 hasiliscus,
738 4082 794 4125 tu
840 4087 898 4125 es
927 4072 1170 4125 onmium
1217 4069 1548 4140 serpentium
1588 4071 1832 4140 regulus,
1879 4087 1982 4126 no-

402 4163 640 4219 centiora
686 4162 892 4216 habens
926 4175 1130 4216 venena
1174 4175 1338 4228 quam
1383 4160 1609 4214 caeteri?
1645 4161 1749 4226 Qui
1799 4161 1982 4215 statim

404 4263 463 4307 ut
487 4252 688 4307 videris
719 4252 986 4321 aliquem,
1024 4251 1302 4316 interﬁcis,
1333 4259 1387 4305 et
1410 4249 1574 4304 aliam
1609 4248 1981 4305 fortitudinem

401 4344 733 4401 contrariam
761 4345 963 4400 sociam
991 4343 1070 4397 tui
1111 4343 1368 4409 assumis,
1399 4357 1523 4412 qua:
1552 4341 1701 4411 aspis
1739 4343 1980 4412 appella-

401 4451 513 4506 tur,
539 4449 594 4495 et
625 4441 744 4495 viro
783 4440 932 4508 justo
955 4438 1198 4508 subjecta
1225 4444 1330 4502 est,
1360 4444 1414 4491 et.
1441 4436 1646 4491 ideirco
1681 4436 1864 4491 omnia
1899 4446 1982 4490 ta-

399 4547 512 4587 ces.
545 4530 626 4585 Tu
653 4546 712 4585 es
742 4531 930 4592 draco,
960 4538 1014 4584 tu
1041 4544 1100 4584 es
1129 4530 1233 4595 leo,
1271 4528 1338 4582 de
1369 4527 1570 4598 quibus
1595 4527 1851 4583 scribitur
1888 4528 1934 4560 ‘°
1963 4545 1977 4582 :

401 4621 571 4692 Super
594 4621 828 4692 aspidem
855 4631 904 4674 et
943 4620 1245 4675 basiliscum
1291 4619 1544 4685 calcabis,
1572 4628 1621 4673 et
1650 4619 1981 4674 conculcabis

399 4715 599 4768 leonem
647 4723 695 4767 et
740 4714 1041 4766 draconem.
1103 4711 1207 4767 Sed
1255 4711 1384 4766 licet
1415 4718 1470 4766 tu
1514 4719 1716 4778 taceas,
1751 4727 1851 4767 nos
1887 4711 1980 4780 qui

401 4805 710 4872 Scripturas
740 4802 940 4857 rectius
969 4802 1219 4872 legimus,
1251 4800 1457 4856 scimus
1486 4799 1688 4855 habere
1737 4816 1838 4856 nos
1867 4799 1980 4871 (87)

469 4919 536 4950 '1"
579 4919 720 4972 Psal.
759 4935 819 4977 ιι,
851 4918 902 4972 7.

398 5005 508 5055 XCI,
534 4990 623 5047 15.
727 4990 770 5020 ⁸⁸
812 4987 944 5045 Luc.
979 5005 1035 5053 χ,
1066 4988 1151 5042 Ill.

339 5102 366 5174 ᾖ
417 5177 429 5186 _
473 5107 584 5186 (86)
631 5105 829 5186 ᾖεςοιθ
865 5121 986 5186 qua;
1021 5105 1276 5186 superius
1319 5104 1386 5186 ad
1439 5102 1691 5159 homilias
1723 5102 1790 5157 10
1821 5111 1876 5158 et
1906 5103 1978 5158 25

398 5177 465 5230 de
485 5175 596 5231 hac
619 5176 861 5230 diximus
888 5175 1137 5244 Origenis
1160 5175 1494 5244 opinatione2

398 5190 465 5230 ae
497 5190 596 5231 nae
619 5190 861 5230 uiximus
888 5190 1137 5297 ungems
1160 5190 1494 5244 opinatione.

352 5261 355 5263 ·
405 5314 425 5323 _
473 5245 588 5315 (87)
629 5247 803 5323 Antea
832 5245 970 5300 falso
1018 5245 1278 5323 egebauir
1309 5261 1417 5323 eos.
1452 5242 1778 5323 Hujusmodi
1810 5241 1983 5323 mani-

401 5314 540 5394 festa
570 5313 769 5394 menda
802 5330 909 5369 non
939 5313 1106 5370 semel
1136 5313 1299 5382 infra,
1329 5313 1656 5369 lectore'nee
1678 5313 1976 5378 admonito,

399 5393 759 5437 castiaantur.

471 5401 853 5522 ῗὲἕῗῐὲἓιξὲόθε
880 5453 1066 5509 Grabii
1094 5462 1148 5506 et
1177 5452 1488 5508 Combelisii
1514 5470 1528 5507 :
1574 5453 1791 5523 Ἐπειδὴ
1821 5451 1979 5522 ἔμελ-

398 5533 486 5574 λεν
524 5522 706 5592 ἀθλεῖν
750 5523 888 5592 πρὸς
923 5523 1016 5576 τὸν
1052 5523 1316 5586 διάϐολον,
1348 5525 1408 5575 ὲν
1449 5523 1526 5592 τῷ
1568 5522 1856 5592 πειρασμῷ
1898 5523 1979 5584 δὶς

398 5541 486 5574 Αεν
524 5541 706 5575 αυλειν
750 5541 791 5576 π
829 5541 888 5586 ος
923 5541 1016 5576 τον
1052 5541 1316 5586 οιαοοΑον,
1348 5541 1408 5575 εν
1449 5541 1526 5593 τῳ
1568 5541 1856 5592 πειρασμῳ
1898 5541 1979 5584 et;

397 5591 722 5678 ρνομάζείται
753 5541 826 5645 eg
842 5593 1060 5678 Τεγεῦμα
1081 5593 1252 5678 χωρὶς
1285 5593 1979 5678 πὰςηίπροσθήκηςκὊτε

397 5662 806 5730 ἀγωνισάμενος
841 5661 1061 5733 ἐνίκησε
1083 5661 1232 5725 ἑοὺς
1268 5661 1428 5733 τρεῖς
1457 5661 1981 5733 ἁξιὰγεγραμμένους

399 5733 762 5802 πειρασμοὺς,
803 5732 1042 5803 πρόσχες
1083 5735 1150 5804 τῇ
1177 5732 1432 5805 ἀκριϐείᾳ
1463 5732 1560 5802 τῆς
1603 5733 1639 5784 Γ
1645 5733 1822 5803 ραφῆς
1854 5733 1980 5803 περὶ

981 4918 1026 4949 ³⁵
1063 4917 1209 4972 Psal.
1233 4932 1352 4983 cut,
1380 4915 1434 4970 4.
1512 4915 1557 4947 ³⁸
1597 4917 1618 4970 Ι
1667 4915 1794 4972 Cor.
1831 4930 1904 4983 vt,
1939 4916 1993 4971 '5.

2089 3277 2194 3316 nus
2217 3261 2442 3315 vicerat.
2485 3261 2760 3316 Reversus
2803 3269 2888 3315 est
2907 3275 3036 3330 ergo
3061 3257 3222 3314 Jesus
3244 3259 3298 3313 in
3320 3259 3518 3313 virtute
3547 3254 3673 3327 Spi-

2088 3351 2227 3406 ritus
2251 3351 2303 3405 in
2333 3351 2612 3406 Galilaeam
2642 3361 2867 3416 terram,
2903 3362 2956 3406 et
2978 3351 3121 3407 fama
3160 3353 3293 3407 exiit
3329 3368 3424 3421 per
3450 3365 3671 3407 omnem

2089 3442 2372 3511 regionem
2395 3443 2462 3497 de
2483 3459 2549 3497 eo
2583 3461 2597 3497 :
2631 3443 2748 3512 ipse
2775 3443 3007 3499 docebat
3044 3442 3097 3496 in
3134 3443 3427 3513 synagogis
3459 3456 3674 3508 eorum,

2085 3539 2140 3583 et
2163 3531 2566 3598 gloriﬁeabatur
2594 3533 2663 3586 ah
2692 3533 2969 3586 omnibus.
3019 3532 3166 3587 Cave
3201 3549 3269 3587 ne
3317 3533 3505 3589 beatos
3553 3533 3677 3588 illos

2088 3628 2301 3675 tantum
2325 3620 2559 3689 judices,
2585 3630 2640 3675 et
2698 3629 2751 3675 te
2799 3622 3082 3676 arbitreris
3135 3623 3372 3692 primum
3427 3640 3549 3679 esse
3579 3626 3676 3678 do-

2085 3709 2282 3763 ctrina.
2313 3709 2370 3763 Si
2396 3724 2521 3764 vera
2557 3717 2684 3762 sunt
2713 3723 2834 3777 qua:
2881 3708 3084 3778 scripta
3139 3718 3290 3775 sunt,
3339 3726 3444 3763 non
3495 3711 3673 3764 solum

2087 3809 2218 3855 tunc
2244 3801 2298 3853 in
2336 3798 2848 3869 congregationibus
2888 3797 3226 3865 Judaeorum,
3275 3799 3370 3852 sed
3426 3807 3481 3852 et
3515 3799 3674 3853 hodie

2087 3891 2141 3945 in
2197 3892 2302 3946 hac
2355 3890 2778 3960 congregatione
2833 3889 3100 3945 Dominus
3157 3890 3441 3958 loquitur:
3479 3898 3671 3943 etnon

2088 3982 2268 4037 solum
2295 3981 2347 4035 in
2375 3981 2497 4048 hac,
2529 3981 2624 4036 sed
2646 3981 2809 4036 etiam
2837 3982 2890 4036 in
2919 3982 3027 4036 alio
3050 3991 3216 4046 coetu,
3246 3991 3300 4035 et
3327 3982 3380 4035 in
3410 3992 3522 4035 toto
3541 3983 3672 4035 orbe

2085 4075 2242 4129 docet
2270 4072 2452 4138 Jesus,
2473 4087 2723 4142 quzerens
2748 4086 2950 4142 organa
2975 4088 3072 4142 per
3097 4088 3218 4142 quae
3248 4073 3461 4126 doceat.
3481 4070 3665 4138 Orate,

2085 4175 2145 4221 ut
2171 4181 2260 4220 me
2311 4180 2528 4234 quoque
2558 4165 2919 4233 compositum
2975 4164 3044 4218 ad
3075 4164 3401 4228 canendum,
3449 4173 3667 4232 aptum~

2085 4275 2189 4330 que
2223 4257 2478 4328 reperiat.
2510 4256 2664 4311 Sicut
2689 4257 2836 4310 enim
2887 4256 3082 4326 quaerit
3130 4253 3482 4322 omnipotens
3526 4253 3672 4311 Deus

2087 4350 2381 4421 prophetas
2409 4363 2475 4402 eo
2519 4358 2762 4416 tempore
2805 4361 2915 4415 quo
2958 4345 3241 4414 prophetia
3298 4345 3556 4399 mortales
3585 4346 3673 4398 in-

2085 4442 2288 4511 digent,
2323 4448 2378 4495 et
2430 4439 2654 4503 invenit,
2691 4437 2838 4490 verbi
2883 4437 3054 4506 gratia
3083 4434 3300 4498 Isaiam,
3354 4434 3668 4498 Jeremiam,

2088 4531 2448 4594 Ezechielem,
2487 4530 2765 4584 Danielem
2795 4547 2808 4583 :
2843 4529 2924 4584 sic
2955 4529 3149 4598 qumrit
3179 4529 3323 4584 Deus
3345 4545 3547 4598 organa
3578 4545 3673 4597 per

2089 4637 2211 4691 quae
2243 4621 2436 4676 doceat
2469 4633 2777 4674 sermonem
2829 4634 3014 4684 suum,
3059 4620 3141 4673 vel
3177 4619 3389 4673 erudiat
3441 4620 3672 4688 populos

2090 4713 2143 4765 in
2175 4709 2467 4781 synagogis
2510 4725 2739 4772 eorum,
2787 4718 2842 4763 et
2903 4708 3237 4779 gloriﬁeetur
3274 4708 3343 4762 ab
3393 4709 3670 4761 omnibus.

2089 4800 2246 4856 Nunc
2273 4801 2447 4869 magis
2491 4800 2828 4870 gloriﬁcatur
2877 4800 2947 4854 ab
2993 4801 3250 4856 omnibus
3277 4798 3459 4866 Jesus,
3503 4815 3667 4868 quam

2069 4916 2113 4948 ³⁷
2151 4913 2298 4972 Psal.
2329 4929 2416 4980 xc,
2452 4915 2505 4968 6.
2583 4913 2628 4946 ⁸⁸
2653 4911 2790 4969 ibid.
2827 4913 2876 4968 I.
2954 4913 3000 4945 ”
3038 4911 3172 4968 ibid.
3205 4912 3271 4979 7,
3304 4910 3359 4968 8.
3442 4911 3488 4944 ⁵⁸
3520 4909 3668 4966 Psal.

2075 5101 2168 5155 τοῦ
2205 5099 2532 5172 πνεύματος.
2562 5099 2853 5172 Τίᾲφησιιω
2894 5104 2978 5156 ὅτι
3019 5097 3250 5172 Ἰησοῦς
3284 5097 3670 5172 ὐπέᾳτρεψε-ςν

2075 5172 2146 5225 ἐν
2174 5171 2247 5240 τῇ
2277 5167 2526 5240 eorum;
2563 5167 2674 5224 τοῦ
2703 5167 3066 5240 πνεύματος.
3094 5170 3204 5222 Καὶ
3233 5167 3574 5240 προσέθηδεεν
3600 5167 3674 5219 ἐν

2077 5241 2150 5317 ζῇ
2175 5235 2546 5317 emanated
2568 5240 2665 5294 τὸν
2708 5235 2947 5311 ἀθληέὴν
2983 5240 3075 5293 τὸν
3107 5235 3675 5317 γξν-ικῄκότατζρηᾳη·

2076 5307 2357 5381 doquidem
2411 5321 2712 5365 certaturus
2736 5307 2849 5364 erat
2879 5307 3064 5363 contra
3094 5307 3472 5381 diab_olum,__in
3501 5315 3674 5357 tenta-

2079 5376 2218 5435 tione
2244 5382 2322 5434 bis
2354 5381 2662 5434 nominatur
2692 5381 2914 5449 spiritus
2939 5382 3130 5449 absque
3149 5376 3668 5449 ulloadditamento.

2081 5450 2306 5516 Quando
2340 5467 2455 5504 vero
2499 5461 2602 5504 tres
2634 5445 2951 5504 tentationes
2990 5445 3122 5518 quas
3158 5446 3444 5518 Scriptura
3488 5445 3670 5518 refert,

2081 5512 2362 5589 pugnando
2383 5521 2670 5588 superarit,
2701 5520 2910 5574 attende
2933 5512 3091 5589 quam
3113 5524 3359 5570 accurate
3391 5512 3668 5589 Scriptura

2082 5582 2333 5652 loquatur
2367 5582 2671 5657 tle-spiritu.
2704 5591 2845 5656 Quid
2874 5582 2998 5642 ait?
3028 5587 3298 5657 Iieversus
3323 5594 3406 5636 est
3433 5582 3590 5636 Jesus
3619 5586 3670 5638 iu

2084 5662 2284 5715 virtute
2333 5655 2580 5726 spiritus.
2643 5655 2971 5711 Eltddldll
3017 5675 3033 5711 :
3095 5658 3148 5710 iu
3205 5655 3427 5722 virtute,
3467 5666 3672 5723 propter

2086 5729 2299 5784 athleta:
2335 5731 2629 5784 victoriam.
2670 5729 2888 5785 Ιίινιιξυς.
