4084 6302
410 299 550 356 I885

1543 286 1612 341 IN
1647 283 1886 342 LUCAM
1926 278 2213 336 HOMILIA
2249 277 2493 336 XXXIV.

408 423 553 474 hanc
584 429 694 469 non
728 411 998 482 recepisse
1029 408 1344 479 prophetas,
1385 415 1440 461 et
1462 419 1653 461 eorum
1682 401 1935 457 vaticinia
1962 417 1975 452 :
2009 404 2052 459 A

3527 269 3666 324 ιεδσ

2504 396 2792 451 nonius
2834 392 3051 448 xxiitv
3100 391 3239 460 (es).

409 524 576 584 porro
609 508 861 603 “"9?”
903 520 1026 574 qua!
1075 504 1250 603 l9"?
1285 502 1500 557 meum
1522 515 1554 556 a
1583 498 1899 603 ptnphelisf,
1927 504 1985 600 ῗῐ
2086 530 2162 585 De
2195 549 2254 586 eo
2285 530 2428 603 quod
2448 529 2703 598 scriptum
2725 536 2803 581 est
2834 543 2852 580 :
2893 545 2911 578 t
2933 522 3229 603 λήξωμεν,
3257 521 3384 592 quid
3425 521 3546 603 boni
3593 521 3668 588 fa-

407 599 878 659 eorumqnotitiam
924 610 1033 650 non
1098 595 1389 660 habebant,
1442 592 1750 662 suscepisse
1792 587 1986 643 vatici-

412 693 565 749 nium
591 689 721 746 Jesu
752 687 981 742 Christi.
1005 686 1177 743 Nemo
1206 695 1290 742 est
1334 698 1466 756 ergo
1517 683 1778 753 propheta
1832 694 1989 735 acce-

413 794 539 855 ptus
563 783 616 837 in
642 780 815 851 patria
851 794 973 844 sua,
1006 778 1110 833 hoc
1158 786 1242 833 est
1294 776 1349 830 in
1402 774 1603 845 popqu
1651 771 1985 827 Judaeorum.

412 873 525 930 Nos
558 884 741 928 autem
770 870 867 941 qui
889 885 1110 926 eramus
1138 867 1300 924 alieni
1349 884 1381 923 a
1412 873 1736 922 testamento
1761 871 1815 919 et
1835 876 1991 932 pere-

413 965 555 1035 grini
579 981 611 1019 a
640 961 1123 1034 promissionibus,
1149 969 1264 1015 toto
1290 959 1584 1030 prophetas
1607 956 1773 1012 corde
1798 968 1991 1010 susce-

413 1059 619 1129 pimus,
655 1055 945 1135 magisque
968 1053 1234 1108 habemus
1269 1049 1490 1121 Moysen
1520 1056 1575 1103 et
1608 1045 1900 1117 prephetas
1925 1042 1994 1098 de

414 1151 638 1208 Christo
663 1148 1041 1220 praedicantes,
1069 1160 1232 1216 quam
1259 1143 1339 1198 illi
1379 1142 1474 1213 qui
1505 1157 1571 1198 ex
1597 1156 1664 1196 eo
1706 1138 1853 1210 quod
1885 1152 1992 1192 non

417 1245 778 1309 susceperunt
804 1234 1014 1301 Iesum,
1070 1249 1172 1289 nec
1231 1233 1354 1288 illos
1401 1236 1761 1300 susceperunt
1790 1226 1885 1297 qui
1928 1225 1996 1280 de

416 1334 514 1388 illo
569 1330 1052 1386 annuntiaverunt.
1105 1324 1262 1381 Unde
1307 1323 1376 1380 ad
1429 1323 1481 1377 id
1534 1321 1680 1391 quod
1731 1320 1992 1374 dixerat:

422 1425 593 1481 Nemo
622 1422 877 1494 propheta
913 1429 1158 1490 acceptus
1215 1420 1268 1472 in
1313 1417 1493 1487 patria
1535 1430 1634 1469 sua
1665 1426 1688 1468 :
1741 1420 1797 1466 ct
1851 1409 1997 1465 aliud

419 1514 666 1586 adiungit
702 1532 716 1568 :
751 1512 819 1567 In
844 1511 1062 1567 ueritate
1089 1511 1227 1564 enim
1262 1508 1384 1561 dico
1429 1506 1593 1569 vobis,
1631 1505 1758 1574 quia
1815 1500 2000 1556 multa:

420 1609 594 1664 vidua:
626 1613 778 1661 erant
809 1607 864 1657 in
893 1602 1078 1657 diebus
1106 1600 1243 1655 Elia:
1269 1601 1326 1652 in
1354 1596 1548 1664 Israel,
1598 1594 1812 1666 quando
1859 1592 2004 1646 clau-

418 1716 539 1756 sum
558 1708 637 1754 est
668 1695 855 1752 emtum
897 1693 1053 1748 annis
1105 1693 1294 1755 tribus,
1332 1701 1381 1746 et
1412 1687 1676 1743 mensibus
1706 1700 1819 1740 sex.
1844 1683 2000 1751 Quod

420 1791 554 1847 dicit
585 1789 692 1843 tale
722 1796 845 1842 est:
872 1784 1021 1839 Elias
1055 1782 1322 1853 propheta
1352 1789 1490 1845 erat,
1516 1778 1611 1834 sed
1645 1786 1764 1834 erat
1805 1777 1860 1829 in
1907 1788 2004 1844 po-

420 1879 551 1951 pulo
582 1876 919 1931 Judaeorum.
957 1872 1064 1927 Sed
1093 1871 1313 1941 quando
1361 1868 1611 1923 mirabile
1657 1865 1785 1935 quid
1832 1862 2001 1917 laetu-

424 1985 521 2025 rus
546 1981 666 2022 erat
693 1982 818 2022 cum
841 1972 1028 2020 essent
1058 1962 1241 2034 plures
1268 1961 1447 2016 vidua:
1470 1959 1525 2012 in
1566 1956 1753 2020 Israel,
1788 1954 2009 2025 reliquit

422 2074 539 2123 eas,
564 2066 620 2112 et
652 2055 802 2112 venit
836 2053 903 2108 ad
926 2053 1147 2108 viduam
1186 2051 1241 2105 in
1293 2050 1577 2120 Sarrptam
1637 2046 1895 2113 Sidoniae,
1940 2043 2007 2099 ad

425 2145 682 2218 gentilem
738 2141 1142 2204 mulierculam,
1199 2140 1427 2210 ﬁguram
1488 2138 1684 2192 futura:
1713 2138 1789 2192 rei
1838 2135 2011 2205 extill-

426 2253 581 2303 cans,
639 2236 768 2306 quia
800 2242 1102 2303 oreupante
1143 2232 1287 2287 fame
1331 2247 1439 2286 non
1471 2230 1652 2301 panis.
1707 2243 1885 2299 neque
1920 2226 2011 2282 siti

424 2342 606 2396 aqua}.
640 2325 735 2382 sed
756 2324 902 2379 fame
933 2323 1188 2378 audiendi
1250 2336 1559 2377 sermonem
1607 2319 1722 2386 Dei,
1759 2319 1908 2374 venit
1940 2317 2007 2383 ad

427 2421 674 2483 viduam,
699 2416 768 2472 de
793 2431 902 2486 qua
929 2423 983 2470 et
1014 2414 1279 2485 propheta
1314 2421 1548 2468 testatur
1576 2412 1766 2467 dicens
1797 2430 1810 2465 :
1849 2409 2011 2465 Multi

428 2508 797 2579 ﬁliidesertat,
823 2507 993 2578 magis
1019 2522 1180 2577 quam
1224 2504 1340 2574 ejus
1386 2520 1505 2575 quia
1546 2502 1699 2558 habet
1744 2504 1914 2558 virum
1940 2503 2008 2556 “.

430 2600 499 2656 Et
530 2618 656 2656 eum
686 2600 950 2663 venisset,
998 2613 1190 2669 panem
1240 2596 1388 2652 illius
1419 2605 1475 2651 et
1526 2596 1783 2651 alimenta
1827 2594 2015 2651 multi-

428 2693 612 2763 plicat.
646 2692 728 2747 Tu
758 2708 884 2748 eras
918 2691 1080 2747 vidua
1109 2690 1163 2745 in
1188 2688 1417 2759 Sarepta
1469 2687 1731 2753 Sidoniae,
1778 2703 1810 2743 e
1852 2686 2015 2756 cujus

434 2786 637 2842 ﬁnibus
658 2786 969 2841 Chauanma
996 2785 1196 2840 mulier
1232 2784 1537 2854 egreditur,
1573 2790 1628 2837 et
1655 2781 1807 2852 cupit
1829 2780 2012 2837 sanari

433 2880 599 2935 ﬁliam
635 2893 816 2945 suam,
840 2887 896 2933 et
920 2887 1146 2947 propter
1167 2877 1327 2932 ﬁdem
1364 2875 1566 2930 meruit
1597 2874 1844 2943 accipere
1867 2873 2015 2942 quod

433 2972 673 3041 petebat.
700 2969 890 3024 Multa:
935 2985 1059 3039 ergo
1082 2969 1257 3023 viduae
1303 2976 1457 3022 erant
1495 2968 1553 3020 in
1585 2965 1780 3036 populo
1816 2964 2012 3029 Israel,

2156 592 2309 656 ciens.
2328 602 2488 654 vitam
2519 592 2772 655 aiternam
2800 594 3126 663 possidebo?
3156 612 3173 643 ι
3216 608 3394 663 usque
3434 592 3502 663 ad
3545 607 3666 643 eum

2155 673 2331 727 locum
2372 671 2460 726 abi
2505 670 2580 727 ait
2636 687 2656 724 :
2709 687 2728 720 ι
2778 660 2918 721 Vade
2979 673 3029 719 et
3087 673 3143 716 tu
3198 662 3285 732 fac
3339 660 3609 716 similiter.
3644 678 3664 714 ι
3731 714 3737 732 ε

2157 743 2290 813 Cap.
2319 760 2373 797 χ.
3198 728 3208 732 ⁷
3731 728 3736 737 ’

2157 855 2298 912 Cum
2325 853 2498 910 multa
2552 852 2610 907 in
2661 851 2779 921 lege
2825 856 3094 919 praecepta
3131 844 3262 909 sint,
3295 844 3412 898 haec
3458 850 3669 896 tantum

2092 947 2346 1004 Salvator
2366 947 2420 1000 in
2454 944 2750 1014 Evangelia
2780 941 2961 1012 posuit
2995 954 3120 1010 quae
3143 936 3379 1009 quodam
3408 949 3671 1002 compen-

2092 1039 2184 1095 dio
2210 1038 2276 1095 ad
2303 1048 2507 1094 aeterna
2540 1035 2859 1092 obedientes
2882 1032 3165 1087 ducerent.
3196 1027 3279 1082 Ad
3335 1026 3387 1081 id
3410 1024 3557 1079 enim
3589 1037 3679 1077 re-

2094 1133 2256 1203 spicit
2282 1132 2427 1202 quod
2449 1130 2585 1200 legis
2612 1128 2807 1183 doctor
2838 1127 3267 1194 interrogaverat
3292 1133 3416 1173 eum
3440 1117 3631 1170 dicens
3655 1132 3670 1169 :

2097 1223 2380 1295 Magister.
2426 1220 2555 1293 quid
2591 1220 2791 1289 faciens
2847 1219 3007 1272 vitam
3066 1223 3322 1269 retentam
3367 1206 3681 1278 possidebo?

2096 1332 2219 1387 quae
2256 1315 2416 1370 lectio
2450 1312 2752 1370 secundum
2804 1310 3005 1365 Lucam
3063 1305 3225 1360 hodie
3268 1303 3425 1358 vobis
3453 1301 3680 1354 recitata

2097 1420 2219 1465 est:
2258 1406 2582 1477 respondit:
2635 1403 2701 1458 In
2753 1402 2881 1473 Lege
2911 1400 3037 1471 quid
3063 1398 3227 1468 972
3275 1396 3532 1464 scriptum
3558 1391 3685 1447 est?

2104 1500 2380 1567 Quomodo
2423 1496 2823 1570 legis?Diliges
2882 1493 3168 1546 Dominum
3213 1489 3381 1542 Deum
3432 1498 3585 1540 tuum
3617 1497 3684 1536 (π

2104 1602 2213 1649 toto
2237 1592 2392 1647 corde
2428 1601 2539 1655 tuo,
2580 1599 2630 1645 et
2668 1604 2733 1644 ea:
2779 1596 2892 1641 tota
2938 1585 3132 1639 virtute
3192 1592 3305 1644 tua,
3349 1589 3398 1633 et
3444 1593 3510 1631 ea:
3571 1585 3685 1630 tota

2105 1695 2275 1742 mente
2299 1694 2413 1751 tua,
2455 1692 2506 1738 et
2529 1682 2833 1753 proximum
2872 1688 3020 1730 tuum
3060 1684 3313 1742 tanquam
3338 1670 3579 1732 teipsum.
3608 1666 3688 1720 Ae

2106 1776 2343 1832 deinde:
2371 1774 2533 1838 Bene,
2574 1772 2671 1838 ait,
2698 1766 3019 1839 respondisti
3052 1780 3071 1818 :
3113 1763 3211 1815 hoc
3282 1760 3390 1827 fac,
3431 1767 3482 1813 et
3528 1758 3686 1811 vives.

2109 1869 2265 1925 Haud
2317 1866 2544 1923 dubium
2599 1864 2732 1935 quin
2785 1860 3176 1930 sempiternam
3228 1854 3398 1907 vitam
3462 1853 3566 1905 hoc
3608 1846 3690 1904 fa-

2108 1961 2299 2017 ciendo
2331 1966 2656 2028 accepturus
2692 1955 2793 2017 sis,
2824 1953 2893 2007 de
2918 1966 3026 2022 qua
3053 1957 3108 2004 et
3133 1946 3267 2016 legis
3299 1944 3492 2000 doctor
3530 1941 3694 1995 inter-

2109 2061 2413 2125 rogaverat.
2464 2050 2750 2119 Simulque
2806 2042 3094 2115 perspicue
3146 2039 3412 2094 docemur
3459 2033 3515 2087 in
3555 2030 3696 2101 legis

2110 2123 2398 2218 priecepto,
2453 2152 2514 2199 ut
2558 2142 2851 2212 diligamus
2903 2134 3097 2190 Deum.
3155 2130 3214 2184 In
3272 2123 3695 2182 Deuteronomio

2112 2215 2376 2310 scriptum
2401 2246 2486 2292 est
2522 2254 2537 2291 :
2572 2234 2734 2298 Audi,
2766 2229 2965 2301 inquit,
3021 2224 3214 2290 Israel,
3258 2220 3515 2276 Dominus
3553 2215 3695 2269 Dens

2113 2309 2425 2398 tuus,Deus
2476 2345 2613 2385 unus
2663 2334 2762 2381 est.
2812 2322 2883 2377 Et
2928 2321 3117 2391 diliges
3190 2315 3471 2369 Dominum
3530 2309 3697 2362 Deum

2113 2434 2265 2480 tuum
2285 2440 2351 2480 ea;
2390 2432 2503 2478 tota
2558 2431 2730 2475 mente
2773 2428 2888 2482 tim,
2921 2423 2979 2469 et
3025 2412 3258 2480 reliqua,
3300 2416 3351 2462 et
3397 2404 3697 2473 proximum

2115 2528 2263 2574 tuum
2286 2516 2441 2588 quasi
2469 2516 2690 2583 teipsum
2722 2511 2786 2563 ⁸⁸.
2815 2507 2879 2561 Ει
2904 2505 3161 2561 Salvator
3199 2514 3365 2569 super
3414 2496 3499 2551 his
3534 2502 3701 2549 testa-

2116 2618 2205 2664 tus
2226 2581 2311 2663 est
2356 2581 2590 2661 dicens:
2649 2599 2714 2654 In
2765 2599 2847 2651 his
2883 2594 3087 2649 duobus
3135 2586 3403 2644 mandatis
3459 2593 3573 2637 tota
3613 2581 3701 2635 lea:

2114 2700 2300 2771 pendet
2328 2705 2378 2752 et
2402 2694 2666 2765 prophetae
2696 2689 2764 2744 δ’.
2811 2686 3035 2741 Volente
3080 2689 3261 2736 autem
3299 2677 3524 2732 doctore
3564 2671 3704 2742 legis

2112 2767 2416 2863 iustiticare
2471 2784 2851 2853 semetipsum,
2894 2786 2947 2834 et
3000 2772 3291 2830 ostendere
3342 2767 3485 2838 quod
3539 2776 3703 2818 nemo

2117 2883 2222 2941 sibi
2246 2888 2393 2937 esset
2420 2876 2722 2948 proximus,
2756 2881 2919 2942 atque
2943 2869 3158 2925 dicente
3193 2883 3208 2918 :
3241 2862 3375 2928 Quis
3412 2868 3492 2914 est
3518 2856 3705 2926 proxi-

2119 2990 2237 3029 mus
2261 2971 2445 3026 meus?
2470 2968 2657 3024 intulit
2695 2964 2963 3018 Dominus
2992 2956 3332 3030 parabolam,
3364 2947 3522 3021 cu‘jus
3544 2966 3705 3006 exor-

432 3065 525 3118 sed
561 3064 633 3117 ad
668 3061 876 3116 nullam
907 3077 1091 3115 earum
1120 3062 1313 3114 missus
1366 3070 1445 3114 est
1483 3059 1660 3124 Elius,
1695 3059 1800 3113 nisi
1829 3060 1886 3111 in
1912 3057 2013 3113 Sa-

2120 3066 2267 3122 dium
2298 3071 2383 3119 est
2412 3080 2426 3115 :
2464 3059 2638 3113 Homo
2667 3056 2884 3127 quidam
2911 3048 3255 3106 descendebat
3298 3047 3362 3099 de
3403 3043 3706 3098 Jerusalem

430 3158 594 3225 reptis
626 3154 696 3209 ad
727 3154 997 3208 mulierem
1027 3152 1262 3208 viduam.
1286 3152 1393 3207 Sed
1418 3162 1472 3206 et
1493 3151 1641 3205 aliud
1670 3151 1737 3205 ad
1760 3151 2013 3205 eumdem

435 3264 662 3307 sensum
691 3247 973 3317 pertinens
1022 3245 1266 3315 loquitur
1293 3263 1305 3298 :
1347 3241 1509 3297 Multi
1537 3252 1689 3297 erant
1737 3242 1929 3313 leprosi
1958 3243 2013 3296 in

439 3338 613 3396 lsiael
635 3339 693 3393 in
727 3338 910 3392 diebus
955 3335 1141 3390 Elistri
1190 3335 1476 3405 prophetas,
1536 3343 1586 3388 et
1632 3348 1784 3387 nemo
1834 3348 2015 3386 eorum

435 3430 724 3483 mundatus
748 3436 825 3481 est
876 3426 981 3480 nisi
1011 3423 1261 3478 Naaman
1297 3422 1489 3490 Syrus,
1518 3422 1612 3489 qui
1662 3422 1860 3489 utique
1903 3436 2016 3474 non

434 3529 555 3577 erat
587 3536 654 3575 ex
673 3518 859 3574 Israel.
882 3515 1179 3570 Considera
1208 3527 1382 3580 usque
1425 3511 1490 3564 ad
1520 3519 1839 3579 praesentem
1871 3511 2018 3564 diem

438 3614 642 3667 multos
673 3609 920 3677 leprosos
969 3605 1024 3658 in
1072 3603 1239 3659 Israel
1289 3600 1590 3656 secundum
1618 3615 1862 3664 carnem,
1895 3601 2020 3655 vide

438 3697 751 3755 eeontrario
772 3695 936 3763 lepra:
960 3691 1219 3761 squalore
1243 3688 1521 3758 perfusos,
1556 3695 1722 3756 atque
1766 3686 1879 3757 (9t)
1903 3686 2019 3755 spi-

440 3790 587 3846 ritali
611 3787 809 3843 Elisaao
836 3784 1069 3839 Domino
1100 3790 1290 3836 nostro
1312 3787 1365 3835 el
1397 3776 1704 3845 Salvatore,
1761 3786 1812 3833 te
1836 3785 2019 3832 autem

443 3880 663 3953 purgari
695 3874 950 3946 baptismi
975 3879 1344 3938 sacramento,
1372 3877 1427 3926 et
1451 3870 1562 3925 dici
1605 3871 1671 3925 ad
1706 3880 1759 3926 te
1798 3890 1812 3925 :
1853 3868 2021 3939 Surge

441 3985 491 4029 et
520 3972 726 4028 radein
770 3967 1085 4034 Jordanem,
1133 3974 1183 4020 et
1236 3964 1436 4031 lavare,
1484 3973 1532 4018 et
1580 3965 1891 4017 restituetur
1925 3962 2023 4015 tibi

448 4071 574 4108 caro
613 4064 704 4108 tua
731 4054 798 4106 υ.
841 4052 1085 4107 Surrexit
1118 4051 1359 4106 Naaman
1388 4059 1445 4107 et
1472 4051 1630 4116 abiit,
1662 4059 1717 4105 et
1741 4050 1882 4103 lotus
1911 4047 2018 4101 im-

445 4145 614 4216 plevit
654 4144 969 4216 mysterium
1013 4141 1295 4213 baptismi,
1333 4148 1390 4198 et
1425 4141 1568 4197 facta
1607 4149 1693 4195 est
1730 4154 1858 4194 caro
1897 4137 2019 4208 eius

447 4244 608 4314 quasi
638 4256 769 4296 caro
794 4239 968 4308 pueri,
1004 4238 1097 4306 qui
1125 4238 1181 4290 in
1214 4237 1433 4290 lavacro
1471 4235 1899 4305 regenerationis
1928 4251 2025 4290 or-

448 4345 542 4393 tus
569 4333 733 4389 fuerit
760 4332 815 4386 in
843 4329 1067 4385 Christo
1102 4325 1256 4382 Iesu.
1290 4327 1392 4382 Cui
1424 4335 1510 4382 est
1540 4326 1713 4397 gloria
1760 4337 1815 4383 et
1856 4329 2027 4398 impe-

448 4427 592 4484 rium
625 4426 682 4481 in
713 4422 912 4481 saecula
936 4419 1284 4478 seculorum.
1310 4418 1506 4474 Amen.

2123 3160 2181 3212 in
2201 3154 2437 3217 Iericho,
2467 3162 2521 3207 et
2550 3150 2760 3219 reliqua
2792 3165 2808 3203 :
2846 3156 2901 3201 et
2927 3145 3086 3198 docet
3109 3138 3311 3194 nullius
3338 3136 3507 3191 fuisse
3528 3135 3709 3205 proxi-

2125 3265 2275 3306 mum
2306 3244 2752 3303 descendentem,
2780 3237 2889 3293 nisi
2941 3235 3090 3291 illius
3118 3230 3212 3301 qui
3269 3227 3502 3284 voluerit
3523 3236 3709 3281 eusto~

2122 3336 2243 3393 dire
2271 3339 2563 3404 precepts,
2612 3337 2672 3383 et
2722 3338 3034 3397 praeparare
3073 3337 3154 3384 se,
3205 3329 3263 3374 ut
3304 3318 3379 3373 sit
3425 3315 3709 3387 proximus

2126 3402 2515 3481 omni-homini
2538 3419 2634 3489 qui
2664 3416 2869 3471 auxilio
2896 3414 3122 3483 indiget.
3144 3408 3259 3464 Iloc
3282 3407 3428 3462 enim
3453 3414 3538 3460 est
3561 3402 3707 3473 quod

2125 3525 2253 3586 post
2283 3512 2602 3584 parabolam
2636 3510 2690 3561 in
2729 3507 2835 3560 ﬁne
2870 3504 3116 3574 ponitur.
3153 3500 3291 3566 Quis
3313 3499 3381 3553 de
3420 3497 3508 3551 bis
3534 3494 3713 3550 tribus

2126 3609 2343 3665 videtur
2365 3605 2463 3660 tibi
2496 3600 2781 3672 proximus
2798 3611 2920 3652 esse
2948 3595 3067 3664 ejus
3095 3594 3189 3662 qui
3221 3592 3277 3645 in
3302 3591 3543 3645 latrones
3574 3589 3711 3644 inei-

2127 3697 2376 3758 dit?Nec
2399 3696 2546 3752 enim
2597 3688 2873 3755 sacerdos,
2920 3701 3020 3741 nec
3067 3684 3281 3739 Levites
3332 3681 3564 3751 proximi
3590 3680 3714 3749 ejus

2131 3793 2352 3848 fuerunt
2380 3807 2395 3844 :
2423 3788 2538 3852 sed,
2579 3793 2641 3840 ut
2676 3784 2794 3852 ipse
2820 3793 3041 3850 quoque
3082 3776 3218 3845 legis
3253 3775 3447 3830 doctor
3480 3789 3709 3843 respon-

2129 3884 2228 3949 dit,
2264 3881 2355 3934 ille
2408 3877 2503 3948 qui
2561 3873 2689 3929 fecit
2732 3867 3194 3929 misericordiam,
3258 3866 3545 3936 proximus
3588 3863 3717 3932 ejus

2132 3973 2253 4029 fuit.
2284 3969 2439 4025 Unde
2469 3975 2521 4022 et
2550 3982 2581 4020 a
2617 3963 2900 4018 Salvatore
2952 3958 3172 4019 dicitur,
3223 3954 3388 4020 Vade,
3447 3961 3497 4007 et
3530 3962 3586 4006 tu
3626 3952 3712 4021 {ac

2132 4063 2401 4120 similiter.
2432 4059 2628 4114 Aiebat
2650 4054 2873 4125 quidam
2905 4051 2973 4106 de
3012 4047 3349 4120 presbyteris
3374 4044 3564 4100 volens
3616 4058 3711 4113 pa-

2134 4155 2379 4213 rabolam
2411 4145 2780 4218 interpretari,
2815 4140 3092 4198 hominem
3140 4139 3234 4208 qui
3262 4134 3544 4191 descendit
3593 4147 3715 4187 esse

2132 4248 2343 4313 Adam;
2374 4241 2700 4304 Jerusalem,
2751 4233 3108 4306 paradisum;
3136 4228 3379 4293 Iericho,
3415 4226 3713 4289 mumlum;

2135 4345 2375 4398 latrones
2426 4331 2733 4391 contrarias
2782 4325 3170 4389 fortitudines;
3234 4319 3597 4381 sacerdotem,
3648 4314 3712 4369 le.

2065 4423 2109 4477 Ῑ)
2139 4448 2294 4506 gem;
2326 4427 2593 4492 Levitem,
2647 4421 2971 4494 prophetas;
3006 4413 3355 4478 Samaritem,
3382 4409 3664 4464 Christum
3698 4423 3713 4463 :

2138 4526 2363 4581 vulnera
2398 4534 2552 4587 vero,
2588 4513 3052 4575 inobedientiam;
3084 4506 3310 4570 animal,
3359 4517 3559 4573 corpus
3612 4500 3714 4554 Do-

2135 4614 2300 4679 mini;
2353 4608 2718 4682 pandochium
2768 4597 2910 4671 (95),
2969 4600 3024 4656 id
3070 4607 3174 4664 est,
3224 4595 3528 4661 stabulum,
3563 4591 3714 4664 quod

513 4742 561 4777 ⁵⁸
612 4741 718 4797 Isa.
774 4753 885 4803 Liv,
941 4737 994 4790 l.
1069 4734 1113 4767 ⁸⁷
1152 4731 1220 4789 IV
1252 4730 1387 4803 Reg.
1421 4746 1474 4798 v,
1506 4731 1594 4786 l0.
1670 4730 1717 4763 "
1743 4728 1897 4785 Deut.
1928 4746 2003 4799 vn,

2120 4731 2168 4786 5.
2244 4728 2290 4761 δ’
2319 4725 2509 4781 Matth.
2538 4736 2674 4784 χχιι.
2705 4716 2775 4774 39

452 4882 669 4937 modum
696 4889 746 4936 et
766 4879 928 4935 vidua
958 4893 1075 4948 quia
1096 4878 1152 4930 in
1184 4874 1421 4948 Sareptis
1445 4881 1584 4948 erat,
1623 4871 1816 4948 Elian:
1853 4889 2031 4948 susce-

349 4990 378 5023 .A
453 4955 553 5023 pit,
586 4953 731 5023 facta
750 4953 807 5023 in
850 4941 1020 5003 Israel
1058 4948 1202 5023 [ante
1223 4941 1476 5023 audiendi
1527 4941 1667 4998 uerbi
1704 4941 1821 5023 Dei.
1860 4941 1929 4996 Et
1967 4945 2034 4997 de

455 5013 605 5077 nobis
636 5016 839 5074 dictum
867 5027 946 5074 est
985 5032 1005 5071 :
1056 5013 1203 5071 Multi
1251 5015 1345 5070 ﬁlii
1375 5015 1622 5078 desertas,
1664 5013 1838 5083 magis
1867 5028 2032 5081 quam

454 5093 575 5174 eius
609 5105 731 5174 qua:
754 5090 917 5174 habet
946 5088 1143 5174 viri-rm.
1162 5085 1260 5174 ‘Et
1293 5100 1491 5174 rursus.
1511 5084 1638 5174 ιιιὶιιι
1650 5080 2037 5174 sensuram-

455 5152 529 5216 εἶτ
562 5175 581 5214 :
629 5152 842 5215 Sterilis
872 5159 1101 5229 peperit,
1128 5164 1181 5211 et
1203 5169 1327 5227 qua:
1359 5155 1561 5210 multos
1609 5154 1845 5207 habebat
1874 5152 2036 5219 ﬁlios,

456 5231 732 5285 inﬁrmata
764 5228 879 5285 est.
897 5228 1117 5283 mes.

530 5300 776 5373 (9|)Aut
805 5299 998 5382 absque
1051 5296 1335 5382 legendum
1382 5303 1468 5382 est
1509 5309 1608 5382 pro
1660 5302 1834 5382 atque,
1874 5306 2040 5382 sensu

461 5362 739 5440 utcunque
772 5386 880 5425 non
912 5362 1563 5440 incommodo,autcerie
1598 5362 1822 5420 mutilus
1857 5362 2038 5417 verbis

462 5436 670 5509 aliquot
692 5441 890 5509 misere
922 5436 1367 5509 detruncatisbic
1396 5443 1574 5489 textus
1598 5443 1702 5489 est.

535 5504 652 5582 (92)
699 5508 996 5587 Postremae
1025 5508 1131 5587 _h:e
1186 5505 1580 5587 subsequentes
1606 5520 1719 5587 sex
1772 5504 2031 5567 homiliae,

462 5574 588 5634 eum
615 5580 995 5634 continuatum
1024 5577 1080 5629 in
1118 5574 1492 5643 superioribus
1526 5574 1771 5628 ordinem
1802 5589 1909 5627 non
1953 5583 2033 5627 te-

464 5658 651 5712 neant,
688 5648 979 5703 manifesto
1009 5662 1068 5701 se
1090 5646 1325 5714 produnt
1346 5661 1375 5698 a
1401 5643 1592 5713 majori
1620 5645 1893 5714 detractas
1928 5644 2031 5697 ho-

463 5719 779 5787 miliarum,
839 5732 979 5788 quas
1035 5715 1395 5771 Adamantius
1443 5713 1867 5779 elueubraverit,
1929 5727 2034 5766 nu-

2136 4885 2308 4927 mero.
2335 4867 2458 4937 Ipse
2484 4848 2874 4937 auctor,_quod
2904 4865 2959 4911 et
2989 4854 3059 4937 ei.
3103 4851 3334 4935 Iluetius
3366 4850 3715 4934 animadver-

2138 4923 2412 5008 ti't',ﬁtom‘o
2456 4952 2556 4992 xui
2609 4935 2665 4987 in
2681 4923 2952 5008 ’Joannem
2980 4925 3167 5008 plures
3197 4923 3317 4977 istis
3365 4924 3590 5008 triginta
3620 4937 3716 5008 no-

2140 4990 2440 5079 vem,"q—ilie
2462 4990 2803 5079 supersunt,
2855 4996 2954 5051 abs
2980 4990 3337 5079 'Ilieronymo
3373 4990 3564 5073 Latine
3593 4990 3718 5079 reti:

2320 5058 2456 5133 {se
2488 5058 2660 5131 fuisse
2688 5058 2992 5146 adornatas
3011 5058 3274 5146 declarat,
3302 5077 3426 5146 eum
3453 5061 3549 5146 ait‘,
3573 5060 3643 5146 ειεὰ
3662 5058 3715 5114 δὲ

2660 5139 2947 5214 προϐάτων
2967 5134 3127 5224 ἔχεις¹
3149 5135 3233 5196 εἰς
3264 5133 3363 5196 τὰς
3408 5131 3549 5224 uasa
3585 5132 3735 5224 AP”;

2140 5205 2246 5276 κᾶῖι
2270 5217 2487 5290 ὁμιλίας
2507 5235 2521 5248 σ
2556 5215 2689 5290 Quae
2706 5205 2895 5266 "autem
2920 5206 2989 5288 ad
3013 5213 3219 5290 centum
3236 5217 3352 5258 oves
3368 5205 3718 5282 pertineant-rs

2138 5271 2405 5346 Hebei‘in
2445 5271 2692 5341 Iiomilias
2739 5295 2872 5352 quas
2933 5277 2989 5328 in
3033 5274 3232 5326 Lucam
3281 5271 3715 5352 consumsimus.

2134 5338 2596 5415 enini—tale
2649 5355 2704 5408 in
2745 5338 2852 5413 his,
2912 5361 3038 5416 qua:
3098 5351 3333 5410 exstant,
3382 5338 3625 5394 homiliis
3665 5338 3720 5394 in

2135 5431 2336 5486 Lucam
2354 5427 2633 5483 invenias.

2208 5478 3030 5573 '(VSJBlIi—oe'quoqueprofectum
3053 5505 3116 5543 ei:
3138 5485 3357 5573 llierqn.
3375 5491 3459 5534 est
3480 5478 3719 5573 calamo,

2138 5552 2291 5696 ἓξὅᾷ
2304 5552 2583 5623 [stabulum
2606 5552 2797 5619 Latine
2824 5571 3001 5629 sonet,
3026 5559 3171 5631 quod
3205 5558 3258 5609 in
3282 5552 3454 5607 Graec.
3471 5560 3555 5605 est
3582 5564 3717 5605 iter

2198 5657 2362 5696 γειον.

2198 5658 2258 5713 χε
2266 5657 2362 5694 ιον.
