4084 6302
455 310 589 368 1887

1929 314 2252 371 ORlGENlS

3567 321 3712 379 I888

453 426 741 480 universos
791 425 1033 480 volentes
1093 423 1318 479 introire
1367 425 1664 495 suscipiat,
1728 426 2026 483 Ecclesiam
2057 434 2101 490 Λ
2128 428 2346 497 quidem
2380 442 2482 498 ego
2506 440 2659 498 puto,
2702 444 2810 484 non
2838 438 3059 501 propter
3103 430 3266 486 istum
3309 446 3480 487 unum
3531 432 3708 487 senii-

454 517 819 586 interpretari.
848 515 1019 570 Porro
1046 515 1187 570 duos
1217 515 1494 582 denarios,
1519 516 1732 573 Patrem
1755 529 1808 574 et
1828 519 2025 574 Filium

453 606 728 675 intelligi;
795 605 1196 671 stabularium,
1242 605 1499 663 Ecclesia:
1556 611 1876 679 praesidem,
1934 612 2024 667 cui

2128 530 2335 576 necem.
2372 520 2466 573 sed
2495 529 2714 589 propter
2737 522 2875 577 alios
2900 537 3121 592 quoque
3146 523 3238 592 qui
3266 524 3338 577 ob
3369 523 3549 578 varias
3578 539 3710 579 cau-

2126 622 2219 662 sas
2248 607 2464 665 fuerant
2504 613 2794 679 vulnerati,
2835 622 2891 668 et
2934 614 3247 685 indigebant
3282 616 3606 688 alligaturis,
3645 627 3706 674 et

449 695 789 767 dispensatio
816 695 1020 751 credita
1046 707 1150 751 est.
1181 698 1265 774 De
1296 712 1362 754 eo
1396 714 1525 754 vero
1549 701 1694 771 quod
1725 699 1993 758 Samarite

2124 695 2265 760 oleo,
2295 705 2350 752 et
2378 699 2525 767 vino,
2553 716 2747 756 secum
2774 711 3020 772 portasse
3060 702 3411 759 Samaritem.
3455 704 3704 763 Habebat

449 801 795 841 reversurum
823 800 884 840 se
916 801 1039 842 esse
1065 788 1355 857 promittit,
1387 792 1688 846 secundum
1725 776 2062 850 Salvatorisl

445 876 717 947 ﬁgurabat
749 878 1067 937 adventura.
1099 879 1225 935 ﬂare
1278 896 1403 938 cum
1464 885 1858 942 rationabiliter
1896 887 2017 957 pul.

445 969 687 1037 clireque
725 969 1000 1038 dicantur,
1049 989 1157 1029 non
1214 986 1299 1031 est
1352 986 1532 1032 tamen
1594 978 2019 1035 existimandum

443 1058 590 1127 quod
615 1059 684 1113 ad
716 1074 936 1115 omnem
964 1062 1240 1120 hominem
1279 1068 1607 1137 pertineant.
1650 1068 1838 1140 Neque
1870 1071 2016 1127 enim

442 1150 624 1205 omnis
649 1152 815 1207 homo
873 1153 1159 1211 descendit
1198 1157 1265 1213 de
1307 1157 1611 1216 Jerusalem
1667 1162 1723 1218 in
1770 1161 2014 1230 Jericbo,

443 1255 544 1294 nec
575 1242 814 1298 universi
870 1255 1158 1316 propterea
1200 1249 1254 1303 in
1310 1252 1564 1320 prazsenti
1620 1254 1825 1309 saeculo
1867 1271 2020 1311 com-

442 1339 730 1387 morantur
774 1352 788 1387 :
829 1334 955 1390 licet
986 1337 1074 1393 ille
1123 1340 1215 1408 qui
1244 1342 1446 1397 missus
1473 1351 1574 1409 est,
1625 1355 1847 1415 propter
1888 1363 2016 1417 per-

441 1421 584 1477 ditas
611 1437 742 1480 oves
789 1426 997 1480 venerit
1027 1428 1223 1485 domus
1269 1429 1455 1486 Israel.
1514 1432 1688 1490 Homo
1724 1435 1888 1506 igitur
1919 1437 2015 1507 qui

438 1512 506 1566 de
529 1511 832 1569 Jerusalem
862 1515 1144 1572 descendit
1185 1521 1239 1573 in
1269 1519 1507 1587 Jcricho,
1538 1526 1665 1595 quia
1695 1527 1865 1582 voluit
1900 1528 2016 1598 ipse

437 1603 788 1670 descendere,
823 1615 1113 1676 propterea
1141 1609 1194 1663 in
1231 1611 1469 1669 latrones
1507 1615 1713 1672 incidit.
1750 1617 2014 1678 Latrones

430 1702 620 1747 autem
651 1696 784 1749 nulli
818 1707 947 1752 sunt
983 1699 1094 1766 alii,
1124 1701 1232 1757 nisi
1259 1703 1328 1758 de
1361 1706 1561 1775 quibus
1606 1708 1856 1766 Salvator
1895 1714 2009 1770 ait:

2122 786 2301 841 oleum
2337 788 2406 855 de
2437 805 2548 861 quo
2578 793 2839 862 scriptum
2865 805 2949 848 est
2979 795 3027 827 ⁸³
3053 813 3069 850 :
3122 794 3189 849 Ut
3210 795 3473 851 eshilarst
3505 799 3699 867 [aciem

2122 877 2176 930 in
2202 877 2350 943 oleo;
2383 880 2527 936 baud
2551 883 2779 939 dubium
2812 886 2946 955 quin
2975 885 3096 956 ejus
3117 886 3212 956 qui
3243 896 3468 944 curatus
3499 890 3699 956 fuerat,

2120 970 2241 1027 oleo
2279 973 2443 1028 etiam
2490 982 2737 1033 tumores
2783 978 3071 1034 vulnerum
3115 980 3454 1035 sedarentur.
3502 981 3605 1036 Sed
3638 989 3696 1037 et

2118 1062 2247 1118 vino
2270 1065 2496 1129 mandat
2524 1068 2769 1134 vulnera,
2791 1070 3103 1140 asperitatis
3126 1070 3332 1141 aliquid
3347 1072 3655 1128 admiscens
3675 1092 3693 1128 :

2119 1168 2355 1224 eumque
2391 1156 2484 1227 qui
2521 1157 2698 1214 fuerat
2730 1152 3323 1232 vulneratusimposuit
3344 1158 3611 1237 jumento,
3636 1164 3694 1219 id

2117 1254 2224 1313 est,
2259 1250 2480 1319 proprio
2509 1251 2751 1321 corpori,
2791 1253 2947 1323 juxta
2984 1254 3037 1309 id
3084 1255 3230 1325 quod
3275 1264 3360 1310 est
3411 1256 3686 1311 hominem

2117 1337 2372 1408 dignatus
2395 1355 2695 1398 assumere.
2721 1345 2829 1399 Iste
2847 1344 3224 1402 Samaritanus
3256 1356 3478 1415 peccata
3503 1357 3692 1403 nostra

2115 1437 2315 1498 portat,
2352 1439 2407 1486 et
2439 1447 2537 1502 pro
2561 1434 2722 1490 nobis
2746 1435 2913 1504 dolet,
2932 1444 3114 1507 portat
3141 1437 3492 1505 seminecem,
3530 1440 3695 1495 indu-

2114 1519 2191 1574 cit
2251 1519 2306 1575 in
2356 1523 2760 1591 pandochium,
2816 1526 2869 1580 id
2921 1536 3005 1582 est
3057 1525 3111 1581 in
3167 1525 3501 1593 Eeclesiam,
3564 1545 3694 1600 qua:

2114 1624 2307 1666 omnes
2335 1613 2582 1683 suscipit,
2607 1624 2663 1671 et
2691 1616 2824 1671 nulli
2852 1617 3117 1672 auxilium
3143 1633 3303 1674 suum
3338 1620 3588 1692 denegat,
3617 1624 3695 1678 ad

2115 1717 2280 1772 quam
2302 1713 2531 1761 cunctos
2548 1717 2806 1775 provocat
2847 1707 3006 1765 Jesus
3034 1710 3220 1766 dicens
3247 1711 3295 1742 “
3333 1730 3349 1766 :
3398 1711 3577 1768 Venite
3618 1717 3692 1769 ad

440 1781 634 1837 Omnes
656 1786 746 1854 qui
769 1797 891 1842 ante
917 1804 999 1843 me
1019 1801 1285 1857 venerunt,
1311 1794 1454 1861 fures
1489 1799 1701 1866 fuerunt
1734 1812 1784 1877 et
1842 1803 1994 1858 latro-

2113 1805 2213 1855 nte,
2239 1805 2415 1846 omnes
2437 1795 2527 1863 qui
2551 1794 2809 1850 laboratis
2830 1806 2880 1851 et
2918 1798 3127 1853 onerati
3168 1801 3320 1865 estis,
3361 1811 3411 1855 et
3448 1819 3542 1872 ego
3564 1805 3692 1874 reﬁ-

436 1889 525 1927 nes
573 1875 642 1930 ⁵⁸.
696 1875 1080 1937 Verumtamen
1127 1899 1234 1938 non
1282 1887 1472 1943 incidit
1507 1891 1562 1944 in
1604 1875 1777 1961 fures,
1806 1896 1899 1951 sed
1954 1898 2008 1952 in

438 1965 611 2020 multo
640 1965 853 2024 furibus
880 1972 1171 2040 nequiores
1198 1975 1459 2041 latrones,
1483 1981 1576 2050 qui
1594 1982 2007 2041 descendentem

432 2067 559 2109 cum
598 2055 665 2110 de
695 2054 998 2114 Jerusalem
1044 2078 1167 2117 cum
1204 2064 1483 2124 incidisset
1510 2069 1564 2124 in
1606 2072 1751 2139 illos,
1804 2076 2008 2144 spolia-

432 2153 629 2198 verunt
670 2154 726 2200 et
755 2146 1135 2218 imposuerunt
1166 2154 1214 2209 ei
1250 2157 1455 2228 plagas.
1488 2159 1620 2227 Qua:
1643 2171 1769 2223 sunt
1808 2165 2012 2235 plagae?

432 2248 554 2303 qua:
579 2235 805 2294 vulnera
841 2240 1041 2309 quibus
1083 2247 1402 2307 vulneratus
1462 2259 1548 2306 est
1598 2254 1804 2309 homo?
1864 2255 2007 2312 Vitia

432 2334 595 2394 atque
634 2339 874 2396 peccata.
912 2333 1116 2391 Deinde
1167 2340 1294 2409 quia
1342 2341 1583 2400 latrones
1623 2345 1717 2415 qui
1762 2347 2004 2403 nudave-

433 2423 558 2470 rant
581 2429 730 2483 eum,
766 2429 821 2475 et
847 2424 1283 2495 volneraverant,
1311 2446 1417 2485 non
1454 2433 1696 2490 assident
1718 2437 1886 2502 nudo,
1908 2439 2004 2495 sed

428 2503 602 2575 plagis
626 2522 821 2566 rursus
849 2513 1118 2583 impositis
1144 2520 1460 2591 relinquunt
1484 2540 1630 2591 eum,
1650 2527 1853 2585 ideirco
1869 2533 2005 2586 scri-

429 2603 579 2663 ptum
625 2609 752 2657 est:
810 2602 1114 2672 Spoliantes
1152 2627 1293 2677 eum,
1329 2624 1381 2669 et
1421 2617 1639 2673 vulnera
1688 2633 2014 2699 opponentes

429 2687 691 2756 abierunt,
719 2709 779 2746 eo
812 2710 919 2751 non
949 2710 1187 2770 mortuo,
1229 2706 1322 2760 sed
1351 2709 1622 2765 sentinece.
1649 2711 1875 2770 Factum
1920 2726 2003 2772 est

426 2787 607 2868 autem
645 2790 707 2837 ut
737 2785 790 2839 in
828 2787 1016 2843 eadem
1064 2792 1151 2847 via
1209 2795 1419 2864 primus
1485 2803 1762 2868 sacerdos,
1805 2806 2000 2863 deinde

432 2865 645 2956 Levites
666 2873 1074 2947 descenderent,
1094 2884 1187 2953 qui
1229 2884 1459 2944 forsitan
1507 2892 1630 2948 aliis
1685 2865 2000 2956 hominibus

426 2955 589 3055 bona.
617 2963 864 3055 quaedam
910 2965 1174 3039 fecerant,
1224 2989 1331 3030 non
1363 2986 1545 3033 tamen
1588 2980 1734 3048 huic,
1757 2985 1850 3055 qui
1897 2987 1995 3041 de-

2110 1880 2248 1934 cium
2273 1898 2383 1937 vos.
2439 1883 2507 1939 Et
2553 1895 2842 1957 postquam
2891 1888 3054 1960 973
3103 1890 3316 1948 induxit
3371 1909 3521 1963 eum,
3572 1912 3689 1952 non

2110 1973 2292 2028 statim
2324 1975 2549 2043 recedit,
2584 1978 2680 2032 sed
2722 1994 2835 2033 uno
2856 1979 2945 2035 die
2989 1981 3042 2035 in
3088 1983 3302 2038 stabulo
3347 2000 3475 2039 cum
3518 1989 3685 2043 semi-

2111 2079 2242 2119 necc
2265 2075 2595 2134 perseverat,
2626 2076 2680 2124 et
2704 2080 2861 2125 curat
2883 2071 3109 2128 vulnera
3142 2089 3252 2129 non
3279 2076 3458 2131 solum
3482 2078 3533 2131 in
3563 2080 3673 2144 die,

2110 2171 2294 2212 verum
2316 2158 2479 2212 etiam
2503 2159 2555 2213 in
2582 2171 2761 2229 nocte,
2785 2163 3049 2235 reliquam
3068 2166 3485 2225 sollicitudinem
3514 2187 3669 2225 suam

2105 2248 2498 2305 etindustriam
2530 2253 2797 2309 tribuens.
2831 2255 3078 2327 Cumque
3117 2259 3277 2314 vellet
3318 2276 3476 2316 mane
3511 2253 3674 2332 proti-

2105 2337 2261 2406 cisci,
2292 2339 2359 2394 de
2392 2341 2620 2410 probato
2644 2353 2870 2415 argento
2917 2361 3037 2414 suo,
3082 2348 3151 2403 de
3185 2349 3407 2418 probata
3445 2354 3679 2422 pecunia

2105 2444 2204 2484 sua
2252 2431 2392 2487 tollit
2437 2433 2577 2490 duos
2615 2435 2888 2504 denarios,
2951 2446 3004 2493 et
3057 2451 3250 2496 onerat
3292 2444 3675 2512 stabularium,

2104 2520 2249 2576 haud
2277 2521 2502 2578 dubium
2538 2525 2672 2595 quin
2702 2527 2954 2599 angelum
2985 2528 3260 2599 Ecclesia,
3305 2537 3391 2590 cui
3430 2538 3675 2607 praecipit

2104 2621 2163 2667 ut
2186 2614 2474 2685 diligenter
2503 2626 2658 2673 curet
2694 2634 2843 2688 eum,
2871 2629 2928 2678 et
2959 2623 3024 2678 ad
3048 2625 3332 2681 sanitatem
3355 2643 3527 2697 usque
3548 2644 3672 2698 per-

2102 2704 2285 2772 ducat,
2318 2721 2480 2776 quem
2516 2724 2617 2780 pro
2642 2713 2893 2782 angustia
2933 2717 3190 2786 temporis
3213 2718 3374 2774 etiam
3421 2720 3537 2790 ipse
3566 2707 3667 2793 αἱ»

2102 2810 2340 2856 raverat.
2370 2802 2489 2858 Duo
2523 2804 2730 2861 denarii
2763 2808 2954 2863 notitia
2983 2810 3111 2864 mibi
3163 2812 3373 2867 videtur
3402 2829 3524 2870 esse
3557 2813 3667 2869 Ραδ-

2100 2890 2199 2945 tris
2235 2899 2290 2945 et
2311 2890 2456 2957 Filii,
2484 2902 2539 2949 et
2562 2896 2790 2951 scientia
2831 2899 3179 2964 sacramenti,
3206 2903 3481 2972 quomodo
3506 2902 3669 2959 Pater

2100 2980 2155 3037 in
2178 2980 2336 3049 Filio,
2353 2992 2407 3038 et
2424 2983 2597 3041 Filius
2622 2986 2677 3041 in
2704 2985 2862 3043 Patre
2882 2989 3069 3060 sit,qui
3099 2990 3244 3045 velut
3272 2994 3545 3048 mercedes
3567 2993 3663 3048 do-

425 3048 711 3148 scenderat
736 3054 804 3109 ab
834 3054 1132 3148 Jerusalem
1160 3064 1470 3125 inJericbo.
1493 3069 1650 3131 Hune
1677 3048 1821 3130 enim
1861 3076 1996 3133 vidit
2020 3081 2298 3148 “Dantur
2333 3075 2549 3146 angelo.
2594 3086 2657 3133 ιιι
2695 3048 3010 3148 diligentius-
3046 3090 3200 3137 cure!
3244 3082 3345 3137 Sibi
3384 3083 3665 3140 Ιιοιηῖιιθηι

424 3139 698 3231 sacerdos,
726 3154 857 3212 puto
888 3147 998 3204 Lex
1029 3153 1162 3210 vidit
1192 3173 1208 3210 :
1253 3157 1489 3228 Levites,
1532 3172 1591 3218 ut
1640 3178 1784 3231 reor,
1811 3181 1992 3224 sermo

421 3228 794 3322 propheticus.
825 3235 1036 3295 Etcum
1062 3244 1325 3303 vidissent
1346 3251 1703 3322 reliquerunt,
1731 3228 1786 3310 et
1814 3265 1990 3315 trans-

421 3315 624 3414 ierunt.
687 3321 953 3383 Servabat
981 3332 1181 3404 quippe
1220 3315 1544 3397 seminecem
1570 3315 1909 3414 providentia
1938 3351 1989 3406 ei

418 3412 513 3503 qui
548 3413 740 3472 fortior
765 3423 1017 3495 eratlege
1044 3436 1101 3483 et
1131 3432 1431 3503 prophetis,
1472 3412 1817 3499 Samaritana
1839 3443 1990 3501 vide-

417 3501 566 3571 licet,
604 3509 696 3577 qui
723 3509 1112 3584 interpretatur
1135 3533 1333 3578 eustos.
1369 3501 1471 3582 lste
1498 3541 1582 3587 est
1613 3533 1706 3602 Qui
1731 3550 1838 3591 non
1862 3537 1988 3594 dor-

419 3595 595 3663 mitat,
640 3616 815 3672 neque
866 3607 1067 3665 dormit
1118 3618 1434 3675 custodiens
1497 3595 1710 3682 Israel:

417 3686 741 3779 seminecem
772 3695 1049 3764 profectus
1085 3711 1171 3759 est
1215 3707 1317 3763 iste
1349 3708 1727 3773 Samaritanus
1765 3686 1883 3775 non
1920 3723 1986 3779 de

414 3774 715 3837 Jerusalem
752 3785 806 3841 in
831 3786 1069 3859 Jericbo,
1102 3796 1242 3853 sicut
1273 3804 1530 3860 sacerdos
1567 3817 1622 3861 et
1667 3808 1853 3867 Levita
1892 3814 1986 3870 de-

413 3869 679 3970 scendens
717 3891 732 3929 :
766 3886 862 3932 aut
890 3880 935 3935 si
979 3883 1274 3954 descendit,
1323 3892 1526 3951 idcirco
1585 3899 1880 3970 descendit,
1923 3869 1985 3961 ut

411 3956 1084 4059 salvai'et-custodiretque
1129 3979 1472 4038 moriturum.
1508 3987 1587 4042 Ad
1621 3956 1979 4059 qtiemlocuii

409 4048 751 4143 sunt-Judaei
782 4074 796 4110 :
838 4057 1213 4122 Samaritanus
1237 4087 1290 4125 es
1323 4083 1401 4139 tu,
1443 4086 1493 4130 et
1526 4079 1846 4139 dwmonium
1884 4088 1979 4143 Ita-

407 4132 494 4186 bes
521 4136 587 4239 τί.
623 4140 725 4207 Qui
754 4161 878 4202 cum
907 4165 1156 4223 negasset
1193 4174 1251 4215 se
1279 4162 1478 4220 habere
1503 4167 1853 4241 daemonium,
1879 4178 1980 4234 Sa-

406 4228 651 4326 mariten:
675 4250 871 4307 negare
886 4257 945 4297 se
968 4247 1160 4303 noluit.
1189 4250 1405 4310 Sciebat
1427 4258 1573 4314 enim
1597 4277 1656 4318 se
1671 4268 1972 4326 custodem.

403 4319 591 4386 Itaque
618 4341 743 4380 cum
768 4332 1004 4389 venisset
1038 4339 1103 4393 ad
1138 4344 1487 4417 seminecem,
1515 4362 1568 4407 et
1595 4354 1816 4422 vidisset
1849 4376 1974 4416 eum

2099 3170 2563 3238 commendatum,
2597 3179 2652 3227 et
2673 3173 3006 3242 promittitur
3032 3174 3081 3228 ei
3110 3173 3365 3243 quidquid
3382 3176 3448 3230 de
3477 3191 3579 3231 suo
3599 3177 3663 3232 in

2097 3257 2363 3314 medelam
2400 3260 2689 3316 seminecis
2729 3262 3067 3331 expcnderit,
3097 3262 3240 3318 illico
3266 3278 3389 3319 esse
3426 3264 3662 3319 redden-

2095 3349 2247 3405 dum.
2285 3348 2424 3406 Vere
2473 3349 2634 3421 Legis
2673 3359 2728 3407 et
2769 3337 3064 3423 prophetia:
3120 3363 3308 3410 custos
3354 3355 3664 3411 animarum

2094 3441 2197 3497 iste
2217 3441 2468 3507 vicinior,
2494 3443 2587 3512 qui
2617 3443 2745 3499 fecit
2772 3444 3200 3500 misericordiam
3250 3445 3301 3501 ei
3327 3447 3422 3515 qui
3452 3447 3657 3502 incide-

2095 3539 2179 3586 rat
2212 3530 2269 3585 in
2293 3531 2554 3598 latrones,
2596 3542 2653 3607 et
2676 3532 2959 3603 proximus
2988 3536 3106 3606 ejus
3138 3538 3389 3607 apparuit
3416 3545 3659 3593 nontam

2092 3639 2346 3679 sermone
2375 3640 2537 3694 quam
2563 3640 2745 3696 opere.
2781 3627 2917 3694 Quia
2941 3643 3070 3699 ergo
3096 3630 3355 3699 possibile
3389 3638 3472 3685 est
3499 3630 3653 3700 juxta

2091 3715 2227 3771 illud
2260 3718 2405 3787 quod
2445 3718 2712 3788 sequitur,
2755 3706 2956 3774 imitari
2992 3735 3093 3776 nos
3129 3720 3427 3786 Christum,
3465 3731 3517 3777 et
3551 3721 3654 3775 mi-

2090 3808 2257 3864 sereri
2281 3824 2473 3864 eorum
2504 3812 2598 3881 qui
2630 3809 2932 3866 inciderant
2978 3812 3032 3866 in
3095 3812 3356 3878 latrones,
3402 3815 3653 3869 accedere

2088 3902 2155 3953 ad
2184 3914 2300 3967 eos,
2330 3900 2498 3971 ligare
2534 3902 2780 3968 vulnera,
2823 3902 3107 3959 infundere
3143 3905 3322 3959 oleum
3355 3914 3409 3959 et
3446 3906 3649 3972 vinum,

2088 3987 2367 4057 imponere
2390 4005 2556 4059 super
2586 3992 2865 4062 proprium
2887 3994 3220 4062 jumentum,
3245 4004 3300 4048 ct
3316 3994 3456 4049 ferre
3484 4010 3654 4049 onera

2086 4079 2361 4149 ipsorum;
2415 4091 2699 4151 propterea
2735 4084 2802 4137 ad
2832 4085 2956 4139 talia
2995 4100 3095 4141 nos
3153 4086 3444 4142 cohortans
3483 4086 3651 4142 Filius

2085 4173 2202 4240 Dei,
2228 4188 2336 4227 non
2362 4183 2470 4227 tam
2507 4174 2718 4228 doctori
2754 4175 2886 4245 legis
2917 4192 3081 4245 quam
3106 4178 3262 4233 nobis
3293 4195 3510 4249 quoque
3537 4196 3652 4235 om»-

2083 4266 2244 4320 nibus
2268 4266 2506 4334 loquitur
2538 4284 2553 4320 :
2600 4265 2740 4319 Vade
2767 4276 2819 4321 et
2856 4276 2911 4321 tu
2935 4268 3023 4336 fac
3042 4268 3309 4324 similiter.
3340 4270 3472 4336 Qua:
3503 4273 3548 4325 si
3572 4273 3648 4327 si-

2082 4356 2283 4409 militer
2313 4356 2625 4420 fecerimus,
2653 4356 2822 4411 vitam
2858 4372 3259 4428 consequemur
3299 4369 3556 4415 azternam
3588 4361 3648 4416 in

405 4414 460 4469 in
491 4431 593 4471 suo
623 4422 889 4490 sanguine
916 4428 1172 4499 volutari,
1210 4435 1467 4497 misertus
1486 4448 1719 4503 accessit
1744 4452 1811 4506 ad
1846 4468 1970 4509 eum

2098 4445 2300 4501 Ilii-isto
2331 4445 2480 4512 Jesu,
2511 4448 2598 4503 cui
2632 4458 2715 4505 est
2738 4449 2909 4520 gloria
2935 4459 2991 4506 et
3019 4450 3302 4521 imperium
3346 4451 3400 4506 in
3450 4452 3646 4507 smcula

408 4513 465 4606 ut
494 4508 658 4606 iteret
689 4512 809 4581 ejus
857 4519 1154 4584 proximus.
1216 4526 1429 4599 Ligavit
1485 4538 1725 4606 vulnera,
1775 4508 1973 4601 infudit

401 4596 580 4704 oleum
611 4600 738 4704 Vit-1.0
762 4606 1010 4677 mistum,
1040 4629 1217 4686 neque
1257 4596 1395 4677 dixit
1422 4628 1566 4694 quod
1609 4629 1663 4683 in
1709 4596 1970 4704 propheta

399 4688 633 4760 legitur:
662 4694 784 4752 Non
818 4709 895 4754 est
938 4703 1206 4776 malagma
1248 4710 1531 4781 imponere,
1572 4688 1734 4790 neque
1772 4688 1967 4793 oleum,

396 4796 557 4852 neque
602 4786 921 4857 alligaturus
973 4796 1040 4852 ⁸².
1087 4797 1191 4855 lste
1230 4811 1314 4858 est
1356 4786 1755 4882 Samaritanus,
1810 4786 1968 4888 cujus

395 4887 526 4977 cura
557 4885 612 4930 et
656 4881 860 4936 auxilio
896 4900 1085 4944 omnes
1117 4892 1210 4960 qui
1246 4897 1388 4952 male
1428 4899 1649 4966 habent,
1702 4881 1964 4977 indigent.

397 4962 572 5069 Illnj'us
600 4971 682 5024 vel
714 4975 947 5031 maxime
975 4977 1305 5041 Samaritani
1346 4962 1850 5061 indigebat'anxili‘o

391 5054 459 5109 de
483 5054 781 5116 Jerusalem
818 5065 1153 5128 descendens
1197 5075 1461 5136 inciderat
1510 5084 1564 5138 in
1598 5085 1857 5153 latrones,
1888 5054 1965 5148 let

392 5144 708 5204 vulneratus
741 5151 811 5205 ab
843 5152 942 5220 eis,
978 5160 1316 5220 semianimis
1345 5165 1522 5224 fuerat
1544 5144 1854 5232 derelictus:

390 5244 571 5327 autem
597 5239 740 5296 scias
766 5246 909 5313 quod
932 5246 1087 5316 juxta
1117 5255 1508 5322 providentiam
1538 5261 1628 5317 Dei
1663 5263 1961 5327 Samarites

387 5324 489 5381 istc
518 5329 861 5389 descenderit
891 5346 949 5391 ut
975 5352 1194 5398 curaret
1216 5362 1338 5400 eum
1378 5350 1471 5419 qui
1498 5351 1761 5409 inciderat
1797 5358 1849 5411 in
1877 5324 1957 5413 la;

386 5424 590 5484 trones,
617 5425 901 5482 manifesto
929 5430 1211 5491 docebcris
1238 5452 1303 5492 cx
1348 5455 1415 5494 eo
1452 5445 1596 5510 quod
1643 5460 1825 5502 secum
1862 5450 1959 5505 ba-

384 5506 546 5564 bcbat
565 5511 902 5585 alligaturas,
940 5536 1124 5577 secum
1159 5526 1359 5594 oleum,
1384 5545 1568 5587 secum
1587 5535 1795 5592 viuum.
1822 5535 1955 5606 Qua:

2073 4539 2419 4595 saeculorum.
2443 4540 2637 4595 Amen.

2591 4650 2879 4708 llOMlLlA
2899 4652 3115 4709 XXXV.

2073 4740 2151 4795 De
2173 4742 2393 4813 eoquod
2409 4744 2666 4813 scriptum
2685 4754 2763 4799 est
2790 4761 2809 4798 :
2836 4764 2854 4796 ε
2892 4746 3118 4811 Quando
3142 4747 3289 4800 vadis
3314 4763 3431 4801 cum
3453 4748 3643 4803 adver-

2140 4812 2283 4885 sario
2309 4822 2416 4885 tuo,
2449 4831 2479 4885 i_
2496 4812 2542 4867 et
2566 4825 2776 4881 caztera,
2800 4831 2961 4885 usque
2983 4816 3051 4868 ad
3073 4833 3191 4870 eum
3217 4817 3391 4872 locum
3410 4817 3496 4870 ubi
3522 4820 3643 4874 ait:

2143 4899 2163 4932 ι
2195 4879 2265 4934 Et
2286 4883 2625 4937 novissimum
2647 4879 2903 4938 minutum
2931 4886 3135 4940 reddes.
3158 4904 3178 4937 ι
3209 4886 3343 4957 Cap.
3377 4902 3476 4941 xit.

2133 4986 2251 5044 Nisi
2280 4998 2425 5045 esset
2454 4991 2612 5047 nobis
2651 5001 2845 5046 natura
2887 4992 3134 5060 insitum,
3176 4995 3226 5049 id
3255 4997 3400 5065 quod
3425 4998 3640 5066 justum

2064 5088 2149 5135 est
2183 5079 2487 5150 judicaudi,
2523 5098 2802 5153 nunquam
2848 5082 3098 5140 Salvator
3148 5087 3353 5143 diceret
3392 5107 3407 5143 :
3460 5088 3638 5153 Quare

2065 5183 2264 5236 autem,
2288 5184 2339 5226 et
2365 5189 2396 5226 a
2420 5174 2798 5245 nobismetipsis
2824 5192 2927 5230 non
2951 5179 3090 5246 quod
3109 5178 3316 5247 justum
3331 5190 3410 5233 est
3415 5180 3639 5248 judica-

2065 5264 2181 5318 lis?
2222 5261 2417 5319 Verum
2467 5281 2535 5320 ne
2588 5266 2656 5321 ad
2715 5268 3090 5337 probationem
3132 5271 3296 5341 hujus
3353 5274 3638 5329 sententiae

2061 5353 2276 5425 longius
2310 5370 2625 5428 evagemur,
2669 5359 2905 5416 maxime
2945 5377 3069 5416 cum
3111 5364 3282 5418 multa
3327 5363 3636 5420 diﬂiciliora

2059 5447 2187 5503 huic
2207 5449 2447 5519 capitulo
2481 5452 2723 5507 subnexa
2751 5453 2883 5516 sint,
2915 5462 3123 5509 tantum
3155 5456 3414 5526 superbos
3458 5456 3636 5524 signi-

2058 5538 2252 5595 ficasse
2276 5541 2525 5598 sulliciet.
2562 5542 2703 5609 Quin
2741 5546 2923 5615 potius
2963 5547 3270 5602 animai-um
3318 5559 3632 5603 nostrarum

457 5690 504 5723 "
527 5690 687 5752 Joan.
719 5714 772 5766 x,
801 5702 853 5757 8.
930 5704 970 5734 ³⁸
1000 5702 1156 5761 Juan.
1191 5724 1308 5775 vni,
1339 5714 1424 5768 i8.
1502 5715 1546 5747 ³³
1572 5714 1672 5771 lsa.
1705 5734 1742 5786 ι,
1774 5720 1824 5773 6.
1906 5721 1994 5793 “l1

2098 5762 2106 5777 .
2146 5740 2261 5793 Clll,
2304 5726 2387 5782 l5.
2468 5730 2509 5761 ⁸⁵
2539 5728 2727 5785 Matth.
2766 5748 2840 5800 xu,
2869 5732 2956 5786 ‘28.
