4084 6302
455 385 637 466 ιθεῡί

1612 397 1678 453 lN
1721 399 1955 456 LUCAM
1997 398 2278 455 IIOMIIJA
2320 401 2532 456 XXXV.

3575 406 3713 461 18.10

457 525 527 580 ad
563 523 727 574 Deum
776 518 890 573 vela
957 515 1279 586 pandamus,
1325 515 1788 586 tléprecemurque
1831 515 2029 570 adven-
2062 521 2103 575 Α
2132 529 2230 572 est.
2271 518 2326 571 Si
2360 531 2542 572 autent
2581 517 2916 584 forinsecus,
2956 533 3055 573 nec
3081 517 3149 572 de
3195 518 3284 572 illa
3318 517 3556 575 Ecclesia
3588 540 3708 591 qua:

458 625 572 669 tum
597 612 870 669 sermonis
895 611 1035 678 ejus,
1084 617 1140 662 ut
1176 608 1563 676 interpretetur
1607 611 1917 678 parabolam
1964 611 2030 664 de

461 723 565 775 qua
596 704 894 760 scribitur:
926 700 1154 765 Quando
1178 701 1327 754 vadis
1355 715 1473 752 cum
1512 701 1812 755 adversario
1843 711 1932 755 tuo
1959 702 2028 754 ad

455 796 765 864 principem,
790 793 843 846 in
868 793 952 845 ria
977 792 1046 844 da
1070 807 1302 859 operam,
1334 801 1392 844 ut
1433 791 1620 846 liberes
1658 803 1707 847 te
1743 793 1807 845 ab
1841 809 1922 859 eo,
1968 810 2030 847 ne

457 889 595 956 forte
617 884 799 939 tradat
826 893 873 938 te
898 883 1092 953 judici,
1128 892 1178 935 et
1194 882 1363 950 judea:
1391 883 1570 936 tradat
1601 893 1649 937 te
1679 886 1934 950 exactori,
1978 894 2028 937 et

457 978 510 1030 in
535 990 795 1029 carcerem
819 973 1075 1027 ntittaris.
1105 972 1268 1026 Amen
1287 975 1406 1026 dico
1430 973 1544 1039 tibi,
1589 991 1692 1028 non
1722 977 1844 1028 inde
1862 977 2025 1039 exies.

455 1071 618 1123 donec
650 1065 991 1120 novissimum
1019 1065 1279 1117 minutum
1307 1064 1517 1118 reddas.
1557 1065 1806 1131 Quatuor
1841 1082 2027 1135 perso-

454 1177 553 1215 nas
583 1159 707 1229 poni
735 1157 912 1222 video,
938 1156 1232 1211 adversarii
1255 1196 1270 1221 ,
1304 1157 1566 1226 principis
1587 1199 1602 1222 ,
1646 1159 1848 1227 judicis
1874 1199 1888 1222 ,
1927 1175 1992 1212 ex
2012 1189 2025 1197 ς

453 1251 673 1315 actoris,
701 1260 754 1304 et
787 1249 914 1319 quia
941 1248 1152 1303 videtur
1176 1248 1503 1316 evangelista
1534 1248 1818 1306 Matlhzeus
1849 1252 2027 1305 simile

452 1345 582 1414 quid
613 1347 831 1398 locutus
863 1341 916 1395 in
953 1355 1020 1394 eo
1041 1339 1184 1410 quod
1217 1338 1294 1392 ait
1328 1357 1341 1392 :
1379 1337 1506 1392 Esto
1543 1341 1814 1395 benevolus
1836 1342 2024 1395 adver-

452 1436 599 1488 sario
622 1444 712 1487 tuo
733 1434 859 1486 dum
885 1448 938 1485 es
961 1432 1015 1484 in
1032 1432 1114 1485 via
1137 1447 1256 1484 cum
1279 1446 1337 1483 eo
1368 1429 1434 1494 ⁸⁸,
1458 1447 1642 1501 quaero
1669 1441 1850 1486 utrum
1883 1435 2024 1488 idem

450 1539 649 1580 sensus
691 1525 782 1587 sit,
829 1538 897 1577 an
942 1521 1121 1590 aliqua
1170 1522 1243 1577 sit
1294 1522 1512 1586 vicinia,
1573 1523 1840 1593 siquidem
1882 1525 2024 1594 apud

449 1615 762 1672 Matthmum
793 1631 898 1669 una
923 1630 1154 1684 persona
1186 1615 1554 1684 praetermissa
1590 1616 1680 1680 sit,
1705 1626 1758 1672 et
1785 1618 1888 1672 alia
1922 1620 2025 1673 im-

450 1719 680 1763 mutata.
721 1707 1130 1764 Praetermissus
1151 1715 1236 1762 est
1257 1707 1529 1778 princeps,
1563 1717 1617 1764 ct
1650 1725 1749 1778 pro
1771 1720 2024 1766 exactore

449 1801 699 1855 minister
721 1799 958 1856 insertus
1001 1819 1015 1855 ε
1046 1800 1396 1856 adversarius
1427 1815 1554 1855 vero
1587 1810 1640 1856 et
1668 1801 1834 1870 judex
1862 1803 2016 1856 sinti-

448 1893 572 1946 liter
591 1893 659 1946 ab
682 1901 914 1962 utroque
933 1901 1061 1948 sunt
1090 1891 1275 1961 positi.
1301 1891 1445 1946 Imus
1467 1890 1650 1960 itaque
1679 1908 1804 1947 cum
1833 1893 2020 1947 adver-

449 1982 595 2036 sario
635 1989 825 2036 nostro
872 1981 939 2035 ad
990 1981 1316 2051 principem,
1363 1989 1418 2035 et
1468 1988 1682 2050 oportet
1719 1996 1840 2048 nos,
1887 1981 2017 2036 dum

446 2073 623 2127 adhuc
644 2072 696 2126 in
730 2072 815 2126 via
849 2086 1063 2136 sumus,
1097 2070 1309 2125 fortiter
1342 2069 1608 2135 laborare,
1638 2078 1699 2123 ut
1728 2071 2021 2126 liberemur

446 2163 516 2215 ab
541 2176 627 2216 eo.
656 2161 925 2228 Quoniam
971 2159 1284 2231 ambiguum
1315 2159 1513 2231 quippe
1552 2160 1760 2232 (94-95)
1793 2163 2018 2218 verbum

443 2263 545 2315 est,
566 2261 619 2307 et
634 2260 810 2322 potest
829 2260 936 2306 tam
955 2251 1022 2306 ad
1043 2251 1338 2322 principem
1363 2267 1524 2322 quam
1543 2252 1608 2308 ad
1625 2253 2017 2320 adversarium,

447 2343 636 2397 referri
669 2362 683 2398 :
713 2342 796 2397 Ne
819 2343 953 2412 forte
987 2343 1168 2396 tradat
1205 2355 1253 2397 te
1275 2383 1290 2408 ,
1330 2343 1446 2399 sive
1486 2343 1855 2412 adversarius,
1905 2345 2020 2401 sive

444 2433 720 2504 princeps,
743 2432 938 2500 judici,
963 2440 1012 2485 et
1024 2430 1194 2500 judea:
1225 2431 1408 2486 tradat
1443 2445 1492 2489 te
1518 2435 1776 2499 exactori,
1825 2443 1874 2487 et
1915 2448 2018 2486 non

443 2520 564 2574 inde
581 2521 742 2585 caries,
778 2520 941 2572 donec
978 2521 1314 2575 novissimum
1343 2521 1455 2592 (95)
1485 2531 1736 2577 neutrum
1780 2521 2017 2576 reddas:

446 2625 548 2679 pro
575 2625 686 2680 quo
731 2610 1018 2667 Matthaeus
1059 2613 1133 2667 ait
1170 2630 1184 2667 :
1231 2611 1407 2667 Donec
1449 2614 1638 2667 reddas
1677 2614 2020 2667 nouissimum

445 2699 793 2766 quadrantem
834 2701 901 2755 ".
943 2700 1177 2756 Verbum
1221 2717 1350 2757 vero
1401 2704 1742 2758 novissimum
1791 2713 2020 2771 uterque

448 2791 638 2846 scribit
668 2809 683 2846 :
714 2792 1026 2862 discrepare
1051 2801 1231 2848 autem
1258 2802 1387 2848 sunt
1411 2793 1534 2860 visi,
1569 2796 1715 2866 quod
1751 2795 1842 2850 hic
1883 2811 2020 2866 qua-

446 2879 693 2934 drantem
715 2923 731 2947 ,
767 2882 856 2936 ille
887 2883 1157 2938 minutum
1200 2885 1416 2954 posuit:
1450 2887 1698 2955 quaedam
1726 2886 1859 2940 mihi
1892 2895 2020 2942 sunt

447 2971 743 3026 secretiora
770 2974 1060 3043 tangenda,
1090 2983 1150 3029 ut
1179 2975 1542 3046 intelligamus
1581 2976 1746 3031 alium
1771 2993 1894 3032 esse
1923 2977 2020 3032 ad-

443 3061 778 3127 versarium,
818 3063 952 3119 alias
986 3073 1096 3119 tres
1132 3079 1396 3135 personas
1419 3104 1438 3131 ,
1473 3067 1524 3122 id
1562 3075 1646 3122 est
1677 3067 1976 3138 principem
1999 3109 2014 3135 ,

2131 623 2240 661 non
2279 608 2438 662 habet
2471 608 2737 662 maculam
2773 618 2867 662 aut
2912 623 3104 677 rugam
3131 608 3214 672 ⁸⁸,
3259 619 3353 663 aut
3381 610 3511 678 quid
3547 613 3710 668 istius

2130 700 2314 764 modi,
2347 709 2401 754 et
2444 701 2560 769 ipsa
2600 715 2659 754 re
2700 701 2902 769 probor
2945 700 3155 756 alienus
3199 715 3322 756 esse
3361 717 3392 755 a
3431 702 3523 757 tali
3571 720 3706 759 con-

2127 792 2460 861 gregatione,
2489 807 2596 844 non
2626 790 2789 845 habet
2812 791 3066 845 fiduciam
3097 793 3322 862 angelus
3351 809 3508 849 meus
3533 797 3709 865 respi-

2130 881 2307 936 ciendi
2350 881 2556 934 vultum
2602 879 2781 935 Patris
2825 881 2928 935 mei
2964 882 3058 950 qui
3097 883 3149 936 in
3196 884 3350 938 caelis
3381 898 3485 940 est.
3531 883 3707 951 Quam

2129 973 2200 1027 ob
2234 989 2454 1027 causam
2488 973 2666 1042 angeli
2702 987 2799 1040 pro
2832 972 2991 1028 bonis
3022 974 3241 1030 solliciti
3280 985 3431 1040 sunt,
3472 977 3708 1033 scientes

2128 1067 2271 1135 quod
2297 1065 2341 1119 si
2369 1081 2469 1120 nos
2490 1066 2628 1119 bene
2651 1064 3093 1135 gubernaverint,
3113 1076 3165 1121 et
3187 1067 3253 1121 ad
3274 1068 3504 1123 salutem
3532 1083 3707 1138 usque

2128 1157 2516 1227 perduxerint,
2554 1157 2788 1210 habeant
2827 1157 2991 1211 etiam
3031 1157 3132 1226 ipsi
3183 1159 3436 1214 fiduciam
3487 1160 3706 1215 videndi

2128 1245 2318 1300 faciem
2357 1247 2553 1304 Patris.
2588 1246 2876 1313 Quomodo
2909 1249 3053 1303 enim
3086 1249 3132 1305 si
3167 1266 3261 1320 per
3290 1267 3478 1306 curam
3513 1269 3704 1308 eorum

2126 1346 2182 1389 et
2211 1336 2535 1390 industriam
2566 1337 2715 1390 salus
2750 1335 3068 1391 hominibus
3095 1349 3476 1408 comparatur,
3508 1340 3703 1396 faciem

2126 1423 2304 1479 Patris
2355 1441 2572 1494 semper
2602 1426 2931 1479 attendunt:
2975 1427 3056 1481 sic
3094 1427 3139 1482 si
3190 1444 3282 1497 per
3323 1428 3706 1502 negligentiam

2125 1531 2318 1570 eorum
2353 1516 2520 1570 homo
2546 1516 2832 1581 corruerit,
2863 1517 3026 1571 etiam
3055 1520 3140 1573 sui
3171 1520 3396 1588 periculi
3439 1537 3550 1576 rem
3583 1537 3707 1579 esse

2127 1621 2236 1660 non
2271 1607 2545 1661 nesciunt.
2581 1605 2647 1660 Et
2671 1607 2816 1662 sicut
2847 1607 3024 1663 bonus
3048 1610 3358 1680 cpiscopus,
3389 1622 3436 1666 et
3463 1613 3708 1681 optimus

2126 1693 2386 1750 Ecclesia?
2414 1696 2758 1764 dispensator
2791 1696 2892 1750 scit
2916 1697 3000 1751 sui
3031 1698 3210 1751 meriti
3251 1715 3372 1753 esse
3401 1709 3565 1769 atque
3589 1701 3705 1754 vir-

2131 1789 2265 1842 tutis
2290 1829 2304 1853 ,
2334 1788 2380 1842 si
2423 1803 2553 1843 oves
2587 1788 2767 1857 gregis
2803 1787 2908 1843 sibi
2939 1788 3127 1842 crediti
3160 1789 3362 1843 fuerint
3393 1791 3701 1856 custoditus,

2123 1880 2194 1932 ita
2240 1879 2477 1949 intellige
2509 1888 2563 1932 et
2594 1878 2661 1932 de
2689 1878 2918 1947 angelis.
2949 1879 3252 1948 Ignominia
3287 1882 3480 1950 angelo
3527 1894 3612 1937 est
3653 1884 3702 1937 si

2122 1970 2287 2024 homo
2309 1968 2490 2037 justus
2519 1967 2762 2023 creditus
2785 1967 2970 2033 fuerit,
2998 1978 3054 2023 et
3073 1971 3420 2048 peccaverit:
3454 1983 3514 2026 ut
3539 1988 3703 2028 econ-

2120 2063 2290 2118 trario
2320 2063 2492 2132 gloria
2517 2071 2602 2115 est
2626 2061 2818 2129 angelo
2848 2060 2894 2114 si
2922 2060 3090 2131 974
3109 2063 3350 2117 creditus
3379 2064 3482 2118 sibi
3511 2066 3700 2120 saltem

2122 2153 2388 2210 minimus
2420 2153 2472 2206 in
2507 2151 2750 2208 Ecclesia
2777 2149 2961 2206 fuerit.
2993 2147 3429 2207 Videbuntenim
3460 2171 3565 2208 non
3596 2157 3700 2210 ali-o

2120 2245 2359 2316 quando,
2389 2245 2482 2300 sed
2513 2259 2750 2313 semper,
2781 2242 2974 2297 faciem
2998 2240 3176 2297 Patris
3202 2243 3294 2313 qui
3325 2253 3408 2299 est
3434 2246 3487 2298 in
3522 2247 3700 2312 caelis,

2121 2354 2244 2394 cum
2281 2338 2371 2392 alii
2409 2353 2625 2407 semper
2663 2351 2772 2390 non
2818 2335 3054 2390 videant.
3101 2333 3410 2391 Secundum
3445 2339 3699 2395 meritum

2120 2431 2266 2485 enim
2299 2443 2488 2483 eorum
2515 2442 2751 2498 quorum
2777 2425 2956 2496 angeli
2989 2433 3151 2492 sunt,
3186 2433 3282 2480 aut
3320 2441 3569 2495 semper,
3602 2435 3701 2482 aut

2121 2536 2436 2591 nunquam,
2466 2520 2550 2575 vel
2579 2533 2769 2589 parum
2795 2559 2808 2581 ,
2846 2519 2932 2574 vel
2964 2519 3086 2588 plus
3109 2557 3124 2582 ,
3165 2516 3357 2572 faciem
3395 2517 3489 2573 Dei
3521 2520 3702 2590 angell

2122 2611 2664 2681 eontemplabuntur.
2711 2609 2884 2678 Cujus
2923 2609 3001 2663 rei
3030 2609 3096 2664 ad
3127 2608 3392 2678 liquidum
3443 2611 3696 2666 notitiam

2123 2703 2266 2760 Deus
2295 2703 2529 2769 noverit,
2559 2710 2614 2757 et
2642 2702 2688 2757 si
2727 2702 2883 2770 quis,
2916 2700 3042 2756 licet
3067 2715 3213 2764 raro,
3245 2698 3406 2754 fuerit
3443 2701 3698 2754 inventus

2121 2812 2282 2866 quem
2329 2794 2581 2850 Christus
2625 2793 2888 2848 illuxerit.
2948 2790 3236 2848 Videamus
3277 2805 3408 2862 ergo
3455 2793 3694 2861 primum

2121 2887 2248 2958 quis
2273 2887 2345 2942 sit
2372 2886 2718 2942 adversarius
2743 2901 2866 2940 cum
2891 2900 3002 2956 quo
3028 2885 3130 2938 iter
3153 2883 3443 2939 faciamus.
3470 2883 3696 2952 Semper

2123 2979 2408 3033 nobiscum
2431 2986 2516 3033 est
2540 2977 2906 3032 adversarius.
2927 2975 3173 3031 Infelices
3196 2990 3321 3041 nos,
3341 2983 3505 3046 atque
3529 2975 3696 3029 mise-

2123 3072 2351 3126 rabiles!
2383 3071 2832 3140 Quotiescunque
2876 3069 3307 3139 peccaverimus,
3349 3066 3700 3123 adversarius

439 3155 704 3225 judicem,
735 3165 1067 3210 exactorem.
1099 3156 1354 3228 Legimus
1386 3159 1466 3224 (si
1503 3169 1680 3215 tamen
1713 3160 1800 3214 cui
1841 3161 2016 3230 placet
2043 3184 2086 3241 ρ
2124 3172 2307 3215 noster
2336 3160 2606 3225 exsultat,
2651 3159 2832 3215 sciens
2861 3159 3120 3228 quoniam
3168 3157 3329 3212 habet
3377 3157 3692 3211 facultatem

445 3245 822 3315 hujuscemodi
858 3245 1195 3316 Scripturam
1234 3249 1510 3318 recipere)
1547 3249 1774 3317 justitite
1815 3259 1870 3305 et
1913 3249 2017 3304 ini-

441 3333 666 3406 quita‘tis
710 3339 934 3410 angelos
985 3355 1148 3408 super
1190 3341 1422 3396 Abrahae
1468 3340 1645 3396 salute
1687 3351 1742 3395 et
1793 3341 2013 3395 interitu

439 3428 830 3498 disceptantes,
863 3429 993 3483 dum
1029 3437 1274 3497 utraeque
1305 3438 1498 3482 turma:
1533 3444 1634 3483 suo
1667 3444 1790 3483 eum
1825 3431 2016 3484 Volunt

438 3521 606 3574 (εαξιυί
643 3519 943 3573 vindicare.
982 3518 1138 3583 Quod
1170 3519 1214 3572 si
1249 3519 1336 3571 cui
1365 3519 1643 3587 displicet,
1677 3527 1916 3574 transeat
1946 3521 2012 3574 ad

440 3611 696 3663 volumen
731 3609 877 3676 quod
911 3609 1070 3661 titulo
1097 3607 1341 3660 Pastoris
1375 3609 1653 3673 scribitur,
1688 3616 1743 3661 et
1776 3609 2014 3664 inveniet

440 3700 655 3754 eunetis
690 3699 1002 3754 hominibus
1031 3699 1168 3768 (97)
1207 3699 1345 3754 duos
1385 3699 1576 3754 adesse
1608 3699 1859 3769 angelos:
1895 3716 2014 3754 ma-

439 3792 572 3857 l-nn,
605 3792 700 3862 qui
737 3791 801 3846 ad
828 3805 1083 3860 perversa
1114 3791 1467 3853 exhortatur,
1495 3797 1551 3843 et
1583 3790 1786 3844 bonum
1819 3792 1912 3860 qui
1945 3792 2012 3845 ad

438 3883 642 3949 optima
681 3897 910 3953 quaeque
965 3881 1272 3952 persuadet.
1330 3879 1599 3934 Scribitur
1648 3880 1818 3946 alibi,
1865 3883 2011 3950 quod

439 3976 699 4030 assistant
745 3976 991 4041 homini,
1035 3974 1149 4030 sive
1182 3974 1236 4028 in
1278 3973 1476 4027 bonam
1504 4012 1518 4037 ,
1553 3972 1667 4027 sive
1712 3972 1766 4025 in
1813 3973 2009 4026 malam

438 4075 646 4133 partem
693 4064 940 4134 duplices
988 4063 1188 4132 angeli.
1241 4060 1317 4117 De
1349 4061 1507 4116 bonis
1550 4062 1716 4116 etiam
1765 4061 2012 4116 Salvator

438 4156 726 4220 meminit,
767 4156 954 4210 dicens
995 4155 1070 4207 ⁵⁷ε
1127 4152 1315 4223 Angeli
1359 4168 1540 4205 eorum
1588 4168 1790 4221 semper
1837 4153 2012 4205 vident

437 4247 626 4316 faciem
675 4245 856 4300 Patris
899 4245 1002 4298 mei
1051 4244 1143 4314 qui
1187 4243 1238 4295 in
1283 4243 1425 4296 caelis
1466 4251 1564 4296 est.
1607 4236 1782 4296 Simul
1829 4256 2012 4312 quaare

436 4348 618 4392 utrum
665 4337 1018 4408 parvulorum
1053 4335 1107 4389 in
1139 4333 1628 4402 Ecclesiavsemper
1660 4332 1878 4386 videant
1907 4347 2004 4386 an-

435 4429 538 4498 geli
569 4428 761 4484 faciem
806 4427 1020 4493 Patris,
1066 4435 1119 4480 et
1147 4425 1380 4479 aliorum
1421 4424 1597 4492 angeli
1633 4438 1740 4477 non
1778 4423 2010 4479 habeant

2121 3252 2262 3321 apud
2295 3251 2593 3320 principem
2623 3249 2807 3304 smculi
2836 3249 3022 3316 hujus,
3049 3248 3144 3316 qui
3177 3263 3236 3302 se
3265 3247 3490 3301 miserat
3519 3248 3697 3302 exsul-

2117 3343 2266 3399 tandi
2288 3352 2342 3400 et
2365 3341 2654 3412 gloriandi,
2677 3357 2743 3395 eo
2766 3341 2910 3410 quod
2938 3339 3304 3403 adversarius,
3332 3339 3478 3394 verbi
3501 3341 3698 3409 gratia,

2115 3435 2281 3505 hujus
2310 3434 2395 3488 vel
2437 3433 2614 3497 illius,
2663 3448 2787 3486 eum
2824 3432 3012 3486 fecerit
3041 3432 3272 3500 principi
3311 3431 3497 3486 saeculi
3530 3432 3696 3501 hujus

2115 3541 2237 3580 esse
2283 3526 2593 3592 subjectum
2627 3537 2723 3591 per
2757 3523 2880 3575 talia
2923 3530 3109 3591 totque
3151 3531 3406 3591 peccata,
3453 3538 3550 3592 per
3589 3524 3698 3578 hoc

2117 3614 2360 3682 illudque
2393 3615 2672 3668 delictum.
2728 3610 2921 3665 Evenit
2969 3621 3149 3664 autem
3201 3611 3506 3678 intcrdutn,
3556 3623 3614 3666 ut
3647 3616 3693 3667 si

2113 3705 2207 3774 qui
2261 3703 2425 3758 fuerit
2466 3710 2798 3772 prmparatus
2839 3710 3116 3754 armatura
3165 3701 3293 3767 Dei,
3331 3715 3384 3756 et
3425 3717 3490 3755 ex
3540 3707 3694 3758 omni

2114 3793 2278 3864 parte
2295 3809 2353 3848 se
2379 3793 2591 3855 texerit,
2616 3799 2844 3844 conetur
2867 3789 3087 3858 quidem
3121 3790 3466 3845 adversarius
3493 3793 3693 3847 vulnus

2115 3885 2358 3949 inferre,
2413 3883 2506 3938 sed
2557 3881 2868 3935 facultatem
2917 3895 3022 3933 non
3085 3881 3281 3935 habeat
3330 3883 3693 3950 percutiendi.

2116 3974 2343 4043 Semper
2382 3972 2666 4026 nobiscum
2715 3969 3062 4025 adversarius
3097 3971 3372 4038 graditur,
3407 3987 3690 4042 nunquam

2112 4081 2214 4120 nos
2240 4063 2474 4126 deserit,
2507 4062 2701 4132 quaerit
2739 4063 3081 4117 occasionem
3115 4063 3459 4128 insidiarum,
3492 4064 3537 4117 si
3579 4081 3694 4134 quo

2111 4154 2276 4209 modo
2308 4167 2409 4206 nos
2431 4151 2750 4206 subvertere
2772 4161 2955 4221 queat,
2984 4161 3041 4206 ut
3068 4153 3121 4206 in
3148 4150 3430 4220 principali
3465 4152 3695 4224 [ἡγεμο-

2111 4244 2267 4316 νικῷ]
2305 4244 2486 4299 cordis
2519 4244 2692 4298 nostri
2739 4244 2936 4296 malam
2988 4244 3245 4312 subjiciat
3278 4245 3695 4313 cegitationem.

2112 4337 2336 4404 Quando
2360 4337 2507 4390 vadis
2532 4337 2600 4389 ad
2627 4337 2917 4405 principem
2934 4337 3000 4389 ⁵³.
3023 4335 3288 4402 Quisnam
3314 4336 3416 4390 iste
3438 4336 3690 4405 princeps

2109 4429 2474 4494 est?Quando
2505 4429 2774 4483 dividebat
2793 4428 3102 4482 Altissimus
3127 4438 3322 4498 gentes,
3347 4429 3558 4498 quando
3579 4429 3694 4482 dis-

434 4520 736 4574 libertatem
785 4519 996 4572 vultum
1039 4515 1220 4571 Patris
1269 4515 1586 4570 attendere:
1634 4530 1810 4584 neque
1859 4517 2002 4570 enim
2037 4521 2081 4575 D
2110 4520 2402 4577 seminabat
2428 4519 2568 4588 ﬁlios
2597 4520 2790 4584 Adam,
2820 4519 3008 4572 statuit
3035 4521 3283 4572 terminos
3308 4519 3585 4572 nationum
3612 4535 3691 4572 se-

437 4610 762 4678 sperandum
822 4617 945 4674 est,
1010 4607 1254 4661 onmium
1305 4605 1526 4676 angelos
1577 4605 1758 4660 videre
1811 4605 2003 4662 faciem

434 4700 611 4755 Patris
633 4701 724 4770 qui
750 4700 802 4754 in
827 4700 980 4755 cmlis
1000 4709 1102 4754 est.
1125 4698 1180 4753 Si
1206 4698 1362 4754 fuero
1383 4700 1449 4752 de
1470 4697 1736 4762 Ecclesia,
1755 4699 2006 4767 quamvis

434 4792 695 4846 minimus
717 4793 841 4855 sim,
862 4791 1024 4846 habet
1044 4791 1344 4845 libertatem
1371 4789 1594 4858 angelus
1619 4804 1771 4843 meus
1792 4798 1844 4844 et
1868 4788 2007 4843 fidu-

434 4883 574 4936 ciam
605 4897 820 4952 semper
854 4883 1034 4937 videre
1071 4880 1263 4936 faciem
1293 4878 1474 4935 Patris
1501 4880 1608 4934 mei
1645 4880 1738 4950 qui
1768 4879 1822 4933 in
1851 4881 2006 4936 caalis

2115 4613 2343 4666 cundunt
2372 4627 2645 4664 numerum
2673 4610 2978 4680 angelorum
3008 4608 3128 4675 Dei,
3160 4619 3209 4663 et
3239 4609 3386 4678 facta
3408 4620 3485 4662 est
3513 4611 3690 4677 portio

2113 4702 2329 4757 Domini
2374 4700 2596 4770 populus
2638 4701 2750 4769 ejus
2791 4699 2991 4767 Iacob,
3041 4700 3313 4769 funiculus
3357 4698 3688 4753 luereditatis

2109 4793 2226 4862 ejus
2260 4790 2433 4846 Israel
2457 4792 2520 4845 °°.
2554 4789 2664 4861 (98)
2695 4791 2860 4860 Igitur
2888 4789 3246 4869 principibus,
3280 4789 3333 4844 id
3359 4799 3444 4844 est
3475 4789 3689 4858 angelis

2111 4884 2225 4956 (99)
2252 4884 2321 4938 ab
2352 4883 2578 4938 exordio
2607 4891 2747 4936 terra
2778 4882 2950 4937 divisa
2981 4893 3083 4938 est.
3114 4879 3302 4937 Daniel
3333 4883 3536 4953 quippe
3562 4895 3687 4936 ma-

501 5019 547 5051 ”
575 5018 762 5074 Matth.
793 5033 848 5083 v,
874 5016 964 5074 25.
1041 5017 1086 5049 ⁸⁸
1112 5017 1244 5072 ibid.
1273 5015 1364 5072 26.
1438 5015 1689 5087 ".Matth.
1715 5019 1971 5082 xvm,l0.
2049 5023 2096 5056 ⁸⁸
2125 5021 2390 5094 Ephes.v,
2412 5021 2502 5075 9.7.
2581 5020 2627 5053 '9
2655 5020 2845 5075 Matth.
2874 5036 2973 5085 xu,
3009 5021 3097 5076 58.
3176 5022 3221 5054 ⁶⁰
3248 5020 3405 5077 Deut.
3432 5037 3606 5086 xxxn,
3625 5019 3681 5076 8.

506 5151 723 5218 (94-95)
748 5150 994 5223 Graecum
1037 5149 1176 5223 sacri
1204 5156 1382 5223 textus
1408 5149 1654 5223 verbum,
1692 5151 1998 5223 καταᾳύρᾳ,

432 5221 868 5289 Substituendum
900 5220 986 5273 hic
1014 5221 1224 5273 videtur
1255 5218 1467 5283 Latino,
1501 5221 1706 5289 quippe.
1839 5218 1862 5238 "

503 5290 612 5360 (96)
642 5287 867 5345 Videtur
886 5290 951 5360 de
972 5289 1241 5345 industria
1262 5287 1548 5360 lectionem
1579 5287 1722 5360 illam
1747 5287 2001 5360 praeferre

431 5358 605 5414 Grieci
637 5359 934 5428 archetypi,
967 5374 1088 5427 quae
1127 5360 1181 5412 in
1223 5369 1418 5413 neutro
1454 5358 1615 5412 habet
1638 5358 1698 5411 τὸ
1732 5358 1958 5428 ἔσχατον
1981 5401 1996 5426 ,

430 5431 585 5484 alteri
602 5445 723 5499 qua:
743 5430 798 5482 in
815 5430 934 5482 allis
955 5429 1191 5499 occurrit
1201 5428 1625 5499 exemplaribus,
1643 5428 1738 5499 rev
1748 5428 1992 5497 ἔσχατον.

504 5497 888 5568 (97)’ί)ὶχὶηιυε
915 5512 1078 5565 supra
1106 5498 1172 5551 ad
1199 5497 1387 5568 homil.
1421 5497 1497 5568 257
1516 5498 1682 5568 videri
1707 5497 1993 5568 Origenem

432 5567 674 5623 sertsiSse
690 5569 849 5624 bonis
872 5576 1102 5634 tantum,
1121 5567 1431 5636 sanctisque
1453 5567 1585 5622 viris
1599 5567 1878 5622 custodem
1902 5583 1994 5622 an-

431 5639 609 5706 gelum
644 5638 896 5708 adjungi:
934 5637 1021 5691 hic
1047 5637 1218 5708 multo
1246 5637 1403 5691 aliter
1431 5636 1567 5691 duos
1590 5638 1787 5708 cuique
1815 5637 1992 5692 homi-

431 5723 561 5760 num
584 5706 892 5778 assigttatos
916 5706 1345 5778 apocryphorum
1372 5720 1590 5778 quoque
1612 5707 1992 5778 librorumau-

431 5778 682 5832 ctoritate
703 5774 1012 5834 contendit:
1043 5774 1097 5833 et
1117 5774 1282 5847 pa’ltlo
1308 5774 1539 5834 inferius
1563 5776 1992 5834 luculentissima

2109 5157 2178 5212 iis
2202 5157 2366 5211 etiam
2397 5156 2487 5225 qui
2513 5155 2582 5210 ab
2603 5154 2844 5209 Ecclesia
2863 5155 3022 5210 alieni
3047 5165 3196 5222 sunt,
3225 5157 3535 5225 assignatus
3557 5172 3684 5225 pro-

2109 5227 2325 5280 nuntiat
2345 5227 2602 5280 custodes
2624 5226 2864 5295 angelos,
2889 5227 3015 5279 dunt
3040 5243 3134 5279 eos
3162 5228 3236 5279 ait
3259 5242 3365 5279 non
3389 5226 3590 5278 audere
3611 5230 3680 5282 ad

2108 5296 2346 5350 etelestis
2374 5295 2552 5350 Patris
2576 5295 2767 5349 faciem
2791 5296 2980 5350 oculos
3007 5297 3271 5359 attollere,
3303 5305 3356 5348 et
3378 5310 3476 5362 pro
3503 5296 3677 5350 homi-

2108 5381 2238 5419 num
2265 5367 2368 5420 sibi
2406 5365 2744 5420 subditorum
2779 5366 2987 5419 meritis
3019 5375 3110 5418 aut
3154 5380 3374 5432 semper,
3421 5373 3513 5415 aut
3543 5381 3682 5418 nun-

2105 5451 2285 5501 quam,
2320 5435 2396 5488 vel
2427 5451 2650 5504 parum,
2683 5434 2763 5487 rel
2791 5435 2910 5503 plus
2956 5436 3146 5504 faciem
3194 5433 3297 5504 Dei
3332 5436 3680 5504 contemplari

2103 5519 2308 5574 posse;
2342 5502 2463 5575 qua:
2501 5502 2882 5574 exaggeratio,
2935 5502 3198 5573 quantum
3254 5503 3321 5556 ab
3371 5502 3680 5561 orthodoxa

2102 5576 2369 5630 sententia
2407 5575 2720 5636 abhorreat,
2755 5589 2914 5627 nemo
2951 5587 3056 5626 non
3087 5575 3268 5627 Sentit.

2177 5643 2287 5719 ea)
2325 5643 2455 5719 me
2479 5659 2596 5719 cap.-
2624 5641 2658 5697 δ
2692 5644 2787 5697 ιίιι-
2819 5659 2876 5719 ρι
2899 5642 3043 5719 Περὶ
3072 5641 3276 5719 aem-
3309 5709 3321 5719 .
3415 5707 3440 5719 -

2175 5709 2289 5784 (99)
2325 5713 2456 5771 Vide
2485 5709 2633 5769 nfin
2665 5728 2784 5783 cap.
2825 5714 2858 5767 5
2898 5709 3001 5769 lib,
3035 5709 3265 5782 ιιιἸΙερὶ
3300 5709 3508 5779 ἀρχῶν.
