4084 6302
423 348 554 404 1391

421 465 674 522 nifestius
695 476 836 532 quos
863 459 1074 531 Moyses
1103 460 1326 529 angelos
1357 460 1688 524 nominarat,
1719 458 1991 528 principes
2024 462 2063 516 Α

423 573 549 614 esse
573 564 821 615 testatur,
858 554 1084 606 dicens:
1126 551 1375 620 Princeps
1418 553 1564 619 regni
1598 551 1906 612 Persarum,
1944 559 1994 603 et

420 654 663 720 princeps
694 646 837 714 regni
873 644 1177 697 ercorum
1198 683 1213 708 ,
1254 654 1300 697 et
1345 644 1576 698 Michael
1604 645 1843 713 princeps
1877 659 2001 712 gen-

422 742 559 796 tium
586 741 651 792 ⁶¹.
695 736 751 807 (t
776 744 794 808 )
821 736 887 790 Et
926 736 1300 804 nolisquisque
1330 744 1578 789 nostrum
1609 749 1793 788 secum
1839 735 2001 788 habet

424 830 799 887 adversarium
849 828 1248 889 cohaerentem,
1303 825 1461 894 cujus
1507 840 1645 895 opus
1677 834 1761 879 est
1803 826 2002 879 ducere

425 935 529 974 nos
568 920 635 973 ad
681 918 1015 988 principem,
1065 923 1120 967 et
1162 913 1385 968 dicere:
1428 912 1473 968 Ο
1512 913 1798 981 princeps,
1849 910 1998 965 verbi

423 1010 632 1080 gratia,
663 1008 814 1078 regni
851 1004 1173 1066 Persarum,
1213 1004 1316 1058 iste
1346 1002 1438 1071 qui
1477 1003 1666 1056 subter
1710 1010 1828 1055 erat
1862 1001 1998 1065 tibi,

423 1112 577 1164 eum,
603 1107 660 1150 ut
685 1112 822 1166 opus
853 1094 1047 1157 fne.at,
1079 1092 1350 1147 custodiri
1384 1110 1398 1146 :
1433 1092 1617 1146 nullus
1646 1092 1792 1147 enim
1823 1091 1890 1145 de
1912 1104 2003 1143 re-

427 1188 596 1257 liquis
635 1185 970 1257 principibus
1002 1183 1068 1237 ad
1100 1198 1159 1237 se
1190 1183 1368 1252 potuit
1394 1180 1767 1246 transducere,
1813 1195 1884 1234 ne
1913 1180 2002 1235 ille

423 1280 675 1350 quidem,
699 1277 791 1347 qui
819 1278 883 1329 al
910 1275 1013 1328 hoc
1030 1289 1089 1328 se
1111 1273 1326 1328 venisse
1337 1272 1599 1342 jactabat,
1620 1279 1677 1324 ut
1698 1271 1765 1324 de
1788 1272 2003 1326 cunctis

433 1368 842 1424 luereditatihus
869 1365 1183 1431 Persarum,
1216 1366 1330 1419 sive
1357 1362 1697 1427 Graecorum,
1729 1363 2003 1416 omnium-

430 1475 541 1528 que
574 1461 858 1514 nationum
893 1464 1108 1526 raperet
1146 1455 1393 1509 homines
1415 1493 1429 1517 ,
1466 1461 1522 1507 et
1560 1452 1875 1506 haereditate
1908 1451 2001 1505 Dei

432 1548 633 1603 faceret
685 1562 808 1602 esse
857 1546 1153 1613 subjectos.
1204 1543 1456 1597 Christus
1506 1540 1768 1596 Dominus
1818 1549 2002 1594 noster

424 1654 623 1692 cinnes
651 1637 924 1707 principes
949 1636 1098 1698 vicit,
1127 1643 1181 1688 et
1203 1634 1466 1687 terminos
1490 1648 1679 1686 eorum
1709 1631 1999 1696 transiens,

429 1728 675 1795 captivos
720 1725 948 1794 populos
974 1723 1042 1777 ad
1076 1739 1135 1778 se
1162 1724 1438 1776 transtulit
1472 1723 1525 1774 in
1559 1721 1811 1775 salutem.
1849 1720 1911 1774 Et
1943 1728 1998 1773 tu

1901 338 2227 395 ORIUENIS

3549 345 3751 401 i892

2096 455 2285 511 Deum.
2323 454 2547 520 Quando
2577 457 2728 510 vadis
2762 472 2884 510 cum
2921 458 3229 512 adversario
3265 467 3358 512 tuo
3382 461 3454 513 ad
3478 462 3743 530 princi-

2099 562 2239 615 pem,
2270 547 2325 599 in
2352 548 2436 600 via
2464 547 2532 599 da
2563 562 2796 616 operam.
2852 545 3052 600 Lat’itat
3094 547 3148 599 in
3190 547 3294 599 hoc
3336 547 3456 602 loco
3492 550 3735 604 nescio

2102 636 2255 706 quid,
2300 647 2355 692 et
2394 648 2662 692 secretum
2701 646 2820 703 est,
2857 639 2912 691 in
2951 638 3034 690 via
3060 638 3130 689 da
3162 653 3396 704 operam.
3431 638 3737 693 Salvator

2099 728 2176 783 ait
2200 729 2245 761 “
2273 749 2288 784 :
2316 728 2429 798 Ego
2464 746 2582 783 sum
2619 730 2739 794 via,
2785 731 2979 784 veritas
3004 768 3019 793 ,
3082 739 3133 783 et
3176 730 3306 783 vita.
3353 729 3413 785 Si
3458 732 3725 787 dederis

2099 834 2345 889 operam,
2380 830 2434 873 ut
2466 820 2714 874 libereris
2743 820 2813 873 ab
2845 819 3182 886 adversario,
3208 829 3330 874 esto
3374 820 3430 874 in
3456 821 3543 875 via
3578 839 3599 875 :
3638 831 3717 878 et

2052 903 2075 914 ’
2100 925 2224 965 cum
2248 910 2534 966 steterisin
2555 926 2621 965 eo
2637 911 2730 979 qui
2747 909 2906 964 dicit:
2931 908 3042 979 Ego
3059 926 3176 963 sum
3192 911 3296 976 ινία,
3315 912 3532 966 stetisse
3564 926 3705 965 non

2099 1001 2315 1067 sumcit,
2360 1002 2457 1057 sed
2495 1001 2564 1056 da
2611 1015 2830 1069 operam
2865 1010 2923 1054 ut
2958 1001 3204 1056 libereris
3237 1003 3307 1056 ab
3336 1003 3705 1058 adversario.

2100 1089 2217 1146 Nisi
2263 1092 2479 1147 dederis
2530 1107 2774 1160 operam,
2818 1101 2877 1146 ut
2928 1092 2999 1146 ab
3042 1093 3356 1148 adversario
3408 1094 3701 1161 libereris,

2101 1195 2224 1248 quae
2258 1189 2317 1234 te
2359 1192 2659 1250 sequantur
2693 1180 2963 1235 ausculta.
3007 1180 3199 1235 Trahit
3236 1191 3288 1236 te
3323 1183 3391 1237 ad
3432 1183 3697 1252 iudicem

2099 1273 2469 1336 adversarius,
2498 1273 2614 1327 sive
2641 1271 2893 1341 princeps
2923 1287 3047 1326 cum
3080 1281 3133 1327 te
3158 1275 3461 1342 susceperit
3483 1277 3552 1330 ab
3581 1277 3701 1330 ad-

2103 1358 2370 1422 versario,
2404 1359 2571 1412 trahit
2608 1369 2662 1413 te
2693 1358 2757 1412 ad
2786 1359 3048 1427 judicent.
3089 1359 3262 1427 Quam
3309 1363 3528 1432 elegans
3553 1379 3700 1419 ver-

2106 1450 2256 1512 bum,
2289 1449 2476 1512 trahit,
2510 1458 2570 1503 ut
2591 1450 2845 1505 ostendat
2876 1453 3281 1519 quodammodo
3318 1464 3696 1511 retractantes

2104 1545 2160 1592 et
2197 1538 2441 1592 nolentes
2480 1539 2547 1592 ad
2584 1538 3094 1594 condemnationem
3139 1540 3281 1596 trahi
3318 1550 3373 1596 et
3409 1543 3489 1596 ire
3525 1558 3696 1598 com-

2104 1628 2263 1695 pelli!
2302 1626 2440 1693 Quis
2471 1628 2616 1683 enim
2653 1630 2921 1685 homicida
2952 1633 3168 1686 concito
3190 1635 3357 1702 gradu
3394 1635 3568 1704 pergit
3608 1635 3693 1689 ad

2100 1718 2380 1785 judicem?
2425 1720 2550 1788 quis
2590 1722 2832 1789 gaudens
2866 1723 2933 1776 ad
2963 1724 3476 1780 condemnationem
3514 1742 3686 1783 suam

428 1819 498 1871 de
546 1825 697 1884 parte
749 1813 980 1882 alicujus
1033 1813 1294 1882 principis
1333 1826 1498 1865 eras:
1554 1812 1703 1863 venit
1742 1808 1901 1864 lesus
1953 1819 2006 1863 et
2036 1796 2077 1851 Β
2109 1806 2187 1860 ire
2215 1806 2455 1872 festinat,
2492 1819 2547 1862 ct
2579 1824 2687 1864 non
2722 1811 2923 1866 invitus
2952 1813 3207 1881 trahitur,
3230 1830 3294 1870 ac
3329 1818 3690 1886 repugnans?

430 1906 612 1974 rapuit
646 1914 696 1959 te
725 1905 791 1959 de
838 1910 1105 1973 potestate
1157 1916 1410 1971 perversa
1432 1941 1446 1965 ,
1477 1909 1532 1954 et
1562 1899 1674 1954 Deo
1707 1899 1851 1953 Patri
1903 1900 2004 1955 ob-

433 1998 580 2051 tulit.
612 1996 970 2051 Adversarius
996 2009 1125 2062 ergo
1162 2002 1347 2046 noster
1376 1992 1643 2057 ambulat,
1675 1992 1883 2047 ducens
1907 2008 2004 2049 nos

430 2087 496 2141 ad
527 2088 826 2157 principem
858 2102 1041 2141 suum.
1075 2084 1228 2138 Unde
1264 2098 1364 2153 ego
1402 2083 1631 2138 credens
1656 2085 1838 2137 omnia
1863 2084 2007 2139 Seri-

430 2185 714 2249 pturarum
748 2180 911 2232 verba
950 2179 1148 2231 habere
1181 2177 1470 2237 rationem,
1503 2191 1610 2229 non
1641 2184 1771 2244 puto
1805 2176 2004 2232 frustra

423 2267 663 2336 judicent
699 2266 773 2336 (2)
801 2268 942 2336 apud
968 2267 1208 2331 Graecos,
1239 2281 1362 2321 cum
1388 2266 1619 2320 articulo
1645 2268 1882 2336 positum
1909 2269 2004 2338 qui

429 2357 826 2425 singular-italis
863 2356 1198 2426 signiﬁcator
1227 2364 1346 2422 est;
1389 2355 1687 2426 principem
1718 2374 1846 2413 vero
1880 2360 2001 2416 sine

427 2446 664 2501 articulo
712 2447 973 2515 scriptum
1025 2461 1148 2501 esse
1191 2446 1529 2515 simpliciter.
1588 2447 1812 2512 Quando
1850 2449 1997 2504 uadis

422 2551 547 2590 cum
583 2537 887 2590 adversario
912 2545 1020 2589 tuo.
1053 2535 1342 2605 Signanter
1366 2535 1463 2602 ait,
1495 2547 1606 2593 tuo.
1642 2536 1828 2607 Neque
1853 2540 2001 2595 enim

426 2641 618 2681 omnes
644 2627 887 2682 omnium
921 2634 1051 2681 sunt
1081 2625 1402 2693 adversarii,
1432 2627 1527 2683 sed
1560 2629 1761 2697 singuli
1809 2630 2001 2701 singu-

426 2717 511 2772 los
544 2718 761 2781 habent,
796 2720 887 2787 qui
926 2719 1127 2789 ubique
1173 2734 1270 2774 eos
1300 2730 1620 2789 sequantur,
1665 2730 1718 2776 et
1757 2722 1868 2777 sint
1909 2737 2003 2777 co-

427 2807 608 2863 mites.
652 2808 879 2873 Quando
916 2810 1066 2864 vadis
1092 2827 1212 2864 cum
1243 2812 1548 2866 adversario
1583 2822 1675 2866 tuo
1706 2812 1775 2867 ad
1806 2814 2002 2878 princi-

422 2913 561 2966 pem.
614 2897 730 2954 Non
766 2916 889 2956 cum
936 2902 1169 2956 articulo
1200 2904 1497 2974 principem
1539 2904 1743 2973 posuit,
1779 2920 1847 2960 ne
1882 2921 2001 2960 cer-

429 2998 541 3042 tum
591 2990 864 3045 videretur
904 2993 1225 3060 ostendere;
1271 2996 1364 3049 sed
1418 2995 1539 3050 sine
1577 2996 1827 3061 articulo,
1871 3007 1931 3052 ut
1970 3012 2001 3053 e

2107 1897 2223 1952 Scit
2248 1900 2394 1952 enim
2423 1915 2481 1953 se
2507 1900 2574 1954 ad
2600 1901 2704 1955 hoc
2731 1902 2832 1967 ire,
2866 1913 2926 1958 ut
2953 1905 3274 1961 sententiain
3306 1909 3496 1965 mortis
3525 1912 3686 1966 acci-

2106 1989 2239 2057 piat.
2268 1987 2347 2043 Ne
2372 1987 2516 2044 forte
2547 1991 2726 2046 trahat
2759 2002 2810 2047 te
2834 1994 2900 2049 ad
2927 1996 3191 2064 judicem.
3224 1998 3361 2065 Quis
3385 2011 3546 2071 putas
3571 2006 3687 2061 iste

2100 2078 2268 2147 judex
2317 2079 2446 2135 est?
2490 2078 2607 2150 Ego
2639 2083 2822 2137 nescio
2873 2085 3036 2139 alium
3074 2086 3311 2155 judicent
3352 2092 3455 2146 nisi
3489 2071 3681 2150 Domi-

2105 2186 2236 2224 num
2276 2186 2456 2227 meum
2493 2170 2675 2227 Jesum
2705 2172 3006 2241 Christum,
3036 2177 3105 2231 de
3132 2194 3240 2247 quo
3273 2182 3402 2236 alibi
3429 2184 3628 2240 dicitur
3655 2203 3673 2240 :

2105 2257 2176 2312 Et
2209 2268 2403 2314 statuet
2443 2275 2560 2313 oves
2596 2277 2628 2313 α
2660 2261 2884 2323 dextris,
2914 2262 3092 2317 Ιιαεάοε
3122 2274 3299 2318 autem
3339 2284 3370 2320 a
3404 2268 3568 2340 975
3592 2273 3679 2324 si-

2104 2350 2288 2404 nistris
2312 2351 2377 2404 °'.
2407 2348 2476 2405 Et
2514 2352 2703 2405 iterum
2731 2366 2745 2402 :
2777 2350 2883 2416 Qui
2924 2353 3191 2412 confessus
3217 2355 3379 2424 fuerit
3419 2375 3517 2421 me,
3545 2377 3677 2414 con-

2100 2440 2293 2508 ﬁtebor
2320 2451 2366 2494 et
2388 2457 2480 2511 ego
2514 2457 2633 2495 eum
2663 2457 2846 2496 coram
2873 2441 3035 2498 Patre
3067 2461 3177 2500 meo
3201 2449 3292 2517 qui
3327 2449 3381 2501 in
3408 2451 3546 2505 cretis
3567 2463 3670 2504 est.

2105 2532 2211 2598 Qui
2256 2546 2432 2586 autem
2481 2535 2744 2602 negaverit
2790 2549 2870 2587 me
2898 2550 3080 2588 coram
3123 2536 3445 2603 horninibus,
3474 2542 3674 2612 negabo

2101 2638 2221 2676 sum
2252 2638 2437 2676 coram
2461 2621 2624 2677 Patre
2660 2639 2771 2677 meo
2805 2625 2896 2693 qui
2933 2624 2989 2677 in
3022 2624 3164 2681 cadis
3192 2636 3269 2683 est
3295 2628 3361 2683 ⁸⁸.
3385 2628 3587 2685 Trahat
3616 2642 3673 2686 te

2100 2714 2168 2769 ad
2199 2714 2464 2784 judicem,
2500 2714 2737 2782 etjudex
2762 2714 2943 2768 tradat
2971 2725 3022 2770 te
3047 2719 3313 2772 exactori.
3362 2717 3671 2790 Unusquis-

2102 2823 2209 2878 que
2240 2810 2486 2862 nostrum
2510 2820 2606 2876 per
2635 2806 2846 2876 singula
2875 2816 3088 2874 peccata
3121 2808 3381 2863 damnum
3414 2810 3667 2874 sustinet,

2101 2906 2156 2954 et
2195 2898 2350 2968 juxta
2395 2897 2718 2966 qualitatem
2769 2897 3149 2968 rationemque
3202 2897 3427 2965 delicti,
3485 2902 3667 2956 damni

2102 2989 2419 3060 magnitudo
2466 2996 2764 3056 reputatur.
2820 2987 2999 3043 Debeo
3029 2990 3247 3057 aliquod
3277 2991 3343 3046 de
3377 2991 3668 3062 Scripturis

426 3078 677 3145 pluribus
703 3095 868 3133 unum
894 3096 1015 3135 esse
1046 3094 1375 3139 monstraret
1399 3103 1412 3139 :
1440 3085 1585 3153 quod
1618 3086 1760 3154 apud
1782 3086 1998 3142 Graecos

2102 3081 2296 3136 aﬂerre
2326 3080 2698 3136 testimonium
2738 3095 2904 3148 super
2931 3080 3131 3134 damno
3181 3082 3457 3152 multaque
3500 3100 3666 3155 pecu-

425 3170 606 3238 magis
643 3171 979 3241 intelligitur.
1016 3171 1404 3243 Unusquisque
1431 3176 1576 3230 enim
1611 3191 1856 3232 nosuum
1889 3196 1997 3233 non

427 3260 594 3314 habet
626 3261 905 3328 proprium
939 3261 1259 3332 principem.
1293 3264 1395 3329 Qui
1430 3263 1600 3336 Syrus
1637 3276 1740 3331 est.
1774 3268 1877 3325 sub
1905 3269 2001 3341 Sy-

425 3364 613 3404 rorum
649 3351 892 3420 principe
915 3360 1017 3418 est,
1061 3364 1111 3408 et
1156 3355 1536 3425 unusquisque
1574 3358 1678 3413 sub
1716 3374 1816 3415 suo
1848 3361 2001 3430 prin-

424 3440 546 3508 cipe
570 3441 747 3509 gentis
777 3452 896 3499 est:
933 3442 978 3498 si
1008 3452 1187 3501 tamen
1222 3446 1504 3516 hucusque
1544 3451 1876 3518 processisse
1912 3468 2002 3508 me

424 3530 658 3596 sullieit,
694 3541 746 3587 et
801 3535 871 3591 ab
912 3536 1015 3592 hac
1060 3537 1427 3607 disputatione
1471 3541 1536 3593 ad
1571 3542 1731 3597 aliam
1768 3545 2002 3600 transire

426 3622 712 3694 majomm,
742 3638 800 3682 ut
826 3638 1051 3684 caeteras
1085 3644 1305 3698 quoque
1334 3641 1522 3700 gentes
1559 3633 1721 3687 etiam
1760 3650 2001 3690 comme-

426 3728 656 3770 ruerem.
711 3715 867 3771 Unde
918 3718 1118 3772 dicitur
1146 3720 1239 3774 “z
1291 3719 1473 3774 Videte
1500 3719 1671 3776 Israel
1714 3725 1999 3777 secundum

423 3823 658 3862 carnem.
696 3807 957 3864 Prudenti
987 3809 1242 3879 erupisse,
1276 3811 1479 3866 dixisse
1504 3822 1627 3867 est:
1658 3812 1781 3868 licet
1813 3825 1867 3868 et
1897 3814 1999 3869 hoc

424 3901 481 3955 in
511 3899 710 3969 populo
739 3900 973 3968 erupisse
1005 3915 1335 3955 sermonem.
1386 3900 1490 3966 Qui
1536 3910 1589 3955 te
1622 3902 1758 3966 vult,
1798 3903 1995 3972 inquit,

424 3992 626 4048 ducere
670 3991 741 4047 ad
788 3991 1088 4060 principem
1151 4007 1345 4057 suum,
1395 4001 1451 4046 et
1493 3993 1561 4046 ab
1602 3993 1709 4046 alio
1757 3993 2000 4063 principe

421 4083 759 4145 conducere,
815 4082 1035 4152 quando
1080 4082 1232 4137 vadis
1274 4098 1398 4136 cum
1438 4082 1751 4139 adversario
1796 4093 1890 4137 tuo
1930 4084 1999 4139 ad

422 4173 744 4242 principem,
794 4174 847 4227 in
891 4175 978 4230 via
1021 4177 1088 4230 da
1139 4189 1359 4243 operam
1409 4184 1468 4228 ut
1514 4175 1760 4228 libereris
1801 4176 1870 4228 ab
1906 4190 1993 4230 eo.

420 4263 538 4319 Nisi
592 4266 742 4320 omni
798 4266 980 4320 studio
1034 4265 1392 4332 laboraveris,
1448 4266 1577 4319 dum
1637 4266 1814 4320 adhuc
1854 4266 1994 4319 viam

415 4357 626 4426 carpis,
668 4366 963 4426 antequam
1016 4356 1340 4427 ingrediaris
1367 4356 1434 4410 ad
1464 4356 1783 4426 principem,
1818 4358 1995 4426 prius-

422 4462 587 4516 quam
616 4448 869 4518 princeps
915 4449 1094 4503 tradat
1141 4460 1192 4502 te
1224 4447 1388 4517 judici
1417 4447 1487 4500 ab
1515 4447 1827 4501 adversario
1860 4463 1994 4517 praz-
2026 4474 2067 4527 ο

419 4548 696 4605 paratum,
739 4548 923 4606 postea
964 4536 1168 4592 frustra
1211 4536 1519 4592 conaberis.
1569 4535 1641 4590 Da
1682 4553 1811 4607 ergo
1861 4554 1991 4607 ope-

422 4642 563 4690 ram,
594 4638 653 4683 ut
685 4628 932 4684 libereris
962 4629 1032 4683 ab
1057 4644 1143 4695 eo,
1174 4629 1288 4683 sive
1322 4643 1353 4681 a
1382 4629 1625 4697 principe
1655 4628 1720 4681 ad
1753 4644 1912 4698 quem
1942 4637 1994 4684 te

422 4717 593 4771 trahit
640 4716 1004 4773 adversarius.
1054 4717 1129 4770 Da
1177 4731 1396 4787 operam
1440 4725 1501 4770 ut
1534 4716 1735 4772 habens
1777 4719 1990 4786 sapien-

421 4806 577 4872 tiam,
605 4805 895 4873 jnstitiam,
930 4807 1327 4871 fortitudinem,
1357 4817 1520 4877 atque
1553 4809 1986 4878 temperantiam,

417 4906 475 4950 et
505 4905 636 4951 tunc
669 4897 1073 4965 complebitur:
1123 4896 1257 4951 Ecce
1295 4897 1470 4962 homo,
1513 4913 1667 4966 opera
1710 4898 1822 4967 ejus
1868 4908 1989 4953 ante

418 4988 613 5060 faciem
644 5003 794 5041 suam
828 4987 894 5040 “.
950 4987 1061 5043 Nisi
1107 4989 1324 5044 dederis
1371 5004 1612 5058 operam,
1654 5005 1760 5043 non
1788 4992 1987 5059 poteris

415 5078 721 5135 adversarii
745 5086 964 5148 pactum
1006 5078 1322 5150 infringere,
1347 5079 1507 5149 cujus
1544 5079 1780 5133 amicitia
1809 5091 1891 5135 est
1930 5084 1986 5138 in

486 5218 534 5250 ⁸³
564 5217 700 5273 Dan.
727 5235 781 5284 x,
816 5217 902 5275 15.
935 5215 1026 5278 9.0,
1056 5218 1146 5272 2|.

419 5305 478 5355 ι,
509 5287 598 5352 52,
620 5289 710 5343 55.
805 5288 846 5319 ⁸⁷
871 5287 1060 5343 Matth.
1088 5303 1240 5349 xvm,
1266 5288 1353 5343 24.
1421 5288 1464 5318 ⁸⁸
1485 5287 1673 5342 Matth.
1702 5304 1852 5356 xvm,
1878 5290 1966 5344 2i.

485 5399 567 5473 (I)
599 5399 734 5473 Yide
754 5416 874 5471 cap.
906 5400 967 5460 8.
991 5395 1087 5450 lib.
1118 5412 1163 5462 ι,
1186 5396 1561 5473 Πξρζὰρχῶν.

489 5470 568 5543 (2)
621 5470 764 5526 Duas
803 5470 1056 5535 voculas,
1106 5471 1246 5543 apud
1294 5471 1817 5543 Griecos,7itemque
1864 5473 1984 5529 illas

420 5538 584 5609 paulo
633 5551 773 5613 post,
815 5543 951 5610 quod
997 5538 1381 5613 apud_(.'rrtcos
1428 5542 1594 5613 magis
1645 5538 1983 5613 intelligitur,

422 5608 489 5661 de.
537 5608 649 5679 suo’
669 5608 1024 5679 Hieronymus
1070 5608 1400 5675 adjunxerit.
1455 5608 1550 5662 Est
1601 5628 1730 5665 vero
1773 5608 1980 5679 Gricce,

420 5678 507 5753 ἔξιτ’
534 5677 787 5753 ἄρχογτα,
815 5677 882 5753 ad
902 5679 1211 5753 principem,
1244 5679 1446 5753 alisque
1476 5682 1737 5753 articulo;
1768 5694 1817 5737 et
1851 5677 1987 5753 πρὸξ
2016 5706 2019 5709 λ

419 5747 512 5798 τὸν
546 5745 737 5817 κριτὴν
768 5748 861 5800 καὶ
891 5749 920 5799 ὁ
945 5756 1152 5824 κριτής,
1186 5762 1309 5801 cum
1340 5748 1584 5802 articulo.
1725 5745 1733 5749 ’
1898 5745 1908 5753 ’
1969 5745 1977 5747 ’
2058 5763 2065 5770 ’

1222 5217 1453 5273 “lCor.
1482 5233 1535 5288 at,
1562 5218 1645 5270 l8.
1725 5219 1890 5272 “lsa.
1919 5237 2050 5288 an,
2076 5223 2157 5277 ll.
2234 5219 2458 5278 “Joan.
2503 5234 2614 5285 xw,
2639 5216 2692 5272 6.
2770 5215 3025 5273 “Matth.
3052 5234 3182 5283 xxv,
3227 5220 3314 5276 55.

2105 3175 2226 3228 nias.
2276 3173 2431 3227 Alius
2468 3173 2730 3226 damnum
2783 3173 3015 3227 sustinet
3043 3173 3460 3244 quingentorum
3503 3177 3669 3230 dena-

2102 3264 2331 3329 riorum,
2364 3271 2416 3317 et
2446 3262 2606 3317 debet
2647 3276 2764 3327 eos,
2801 3261 2940 3317 alius
3001 3265 3395 3335 quinquaginta
3435 3267 3666 3322 denariis

2102 3354 2499 3409 condemnatur
2542 3371 2556 3406 :
2599 3367 2720 3421 qua:
2785 3368 2999 3408 summa
3033 3355 3295 3409 ambobus
3334 3369 3366 3408 a
3399 3358 3665 3411 creditore

2096 3448 2436 3504 conceditur.
2488 3445 2660 3503 Porro
2700 3447 2874 3510 alius,
2924 3447 3065 3501 sicut
3101 3447 3383 3517 Scriptura
3427 3449 3557 3503 dicit
3581 3449 3656 3504 "z

2104 3539 2327 3596 Oblatus
2358 3551 2431 3594 est
2464 3540 2511 3593 ei
2531 3555 2663 3593 unus
2685 3540 2776 3609 qui
2804 3536 3021 3595 debebat
3044 3539 3218 3593 decem
3242 3541 3415 3594 millia
3442 3541 3655 3607 talenta,

2100 3633 2286 3688 decem
2324 3631 2565 3686 millibus
2607 3632 2936 3686 talentorum
2981 3632 3394 3687 condemnatur.
3444 3631 3509 3686 Et
3534 3632 3662 3702 quid

2105 3740 2193 3779 me
2240 3738 2463 3779 necesse
2500 3731 2586 3778 est
2628 3723 2779 3792 plura
2821 3723 3111 3792 persequi?
3140 3721 3529 3793 Unusquisque
3560 3739 3654 3794 pro

2098 3816 2360 3886 qualitate
2404 3822 2458 3868 et
2502 3813 2806 3882 quantitate
2850 3813 3096 3882 peccati,
3145 3814 3417 3870 diversam
3483 3815 3657 3869 multae

2099 3904 2417 3961 sententiam
2473 3902 2746 3970 expendit.
2798 3901 2855 3955 Si
2904 3917 3094 3971 parum
3128 3915 3212 3958 est
3256 3903 3402 3973 quod
3451 3919 3652 3974 peccas.

2098 3994 2311 4047 ferieris
2354 3993 2554 4046 damno
2598 3990 2816 4057 minuti,
2855 4001 2914 4044 ut
2941 3990 3118 4048 Lucas
3163 3993 3402 4062 scripsit,
3437 4003 3498 4048 ut
3530 4008 3653 4048 vero

2097 4083 2400 4149 Matthteus,
2427 4082 2763 4152 quadrantis.
2810 4082 3196 4138 Verumtamen
3238 4085 3400 4138 etiam
3444 4100 3653 4142 necesse

2097 4185 2179 4229 est
2218 4175 2320 4227 hoc
2358 4173 2533 4242 ipsum
2564 4171 2710 4242 quod
2753 4172 2960 4227 exstitit
2999 4172 3231 4236 debitor.
3271 4175 3501 4233 solvere.
3539 4174 3649 4231 Non

2096 4266 2240 4320 enim
2268 4264 2393 4318 inde
2418 4264 2570 4318 exies
2594 4262 2697 4316 nisi
2722 4270 2777 4316 et
2813 4262 3037 4317 minima
3065 4279 3295 4335 quaeque
3321 4265 3643 4335 persolvtris.

2096 4352 2198 4419 Qui
2229 4368 2356 4406 vero
2402 4352 2577 4408 ﬁdelis
2618 4360 2722 4409 est.
2759 4353 2911 4407 nullo
2955 4352 3156 4409 damno
3208 4356 3523 4424 percutitur,
3559 4357 3645 4411 sed

2098 4444 2340 4514 quotidie
2365 4442 2569 4497 ditatur
2598 4457 2611 4493 :
2641 4443 2717 4511 (5)
2741 4441 2903 4495 Totus
2933 4443 3071 4496 enim
3102 4444 3329 4498 utendas
3352 4446 3647 4499 divitiarum

2094 4536 2207 4605 ejus
2243 4545 2343 4589 est.
2379 4534 2615 4604 lnﬁdelis
2668 4544 2843 4588 autem
2888 4550 2980 4588 nec
3018 4534 3230 4588 obulum
3272 4538 3447 4595 habet.
3509 4539 3648 4594 Alius

2094 4627 2387 4681 damnatur
2428 4624 2674 4691 denario,
2720 4625 2861 4679 alius
2906 4639 3069 4688 mna,
3127 4624 3268 4682 alius
3317 4628 3540 4683 talento.
3592 4628 3651 4682 Et

2091 4720 2351 4789 qumsitor
2384 4718 2550 4787 hujus
2578 4718 2800 4788 negotii,
2831 4717 2924 4787 qui
2958 4731 3243 4772 mensuras
3281 4718 3645 4774 universorum

2091 4810 2305 4866 noverit
2331 4819 2699 4879 peccatorum.
2740 4808 2855 4864 lloc
2881 4809 3140 4864 delictum
3170 4810 3373 4865 talento
3397 4812 3645 4867 condem-

2094 4908 2254 4953 natur
2293 4917 2306 4953 :
2346 4899 2476 4953 illud
2531 4907 2810 4968 peccatum
2859 4897 3088 4953 multam
3131 4899 3439 4955 istiusmodi
3482 4917 3644 4957 mete-

2093 5000 2200 5045 tur.
2240 4990 2509 5060 Scriptum
2548 4999 2631 5044 est
2659 4988 2804 5043 enim
2829 4988 2876 5020 “
2899 5006 2913 5042 :
2940 4988 3074 5044 Cum
3102 4999 3275 5044 autem
3304 4993 3543 5060 erupisset
3564 4992 3638 5061 fa-

2090 5098 2205 5137 cere
2235 5082 2514 5136 rationem.
2549 5078 2902 5150 Supputanda
2930 5087 3015 5136 est
3046 5080 3303 5138 omnibus
3331 5082 3492 5138 nobis
3529 5098 3642 5154 gra-

3376 5220 3428 5252 “
3446 5219 3635 5275 Matth.

2166 5404 2245 5477 (5)
2307 5404 2534 5473 Sumpta
2590 5419 2657 5459 ex
2706 5402 3130 5477 Breverbiorrnn
3186 5402 3324 5477 libro
3378 5401 3638 5477 sententia

2085 5470 2206 5543 cap.
2226 5470 2370 5536 'xvn,
2402 5470 2526 5544 post
2550 5474 2777 5544 vers._6,
2809 5475 2969 5544 juxta
2998 5472 3158 5544 LXX,
3187 5471 3283 5544 τοῦ
3310 5470 3498 5544 mong
3529 5472 3641 5544 ὅξος

2085 5540 2348 5615 eadem;
2388 5540 2495 5596 ’ἑῶν
2534 5540 2849 5615 χρημάτωι),
2880 5541 2973 5596 τοῦ
3014 5542 3069 5595 δὲ
3102 5541 3329 5615 aulaeo}
3367 5540 3495 5615 esse

2087 5613 2198 5676 λός.
2232 5610 2621 5681 Interpretatur
2650 5610 3011 5682 Hieronymus
3057 5612 3230 5682 epist.
3249 5610 3339 5674 55,
3370 5611 3435 5682 ad
3464 5610 3636 5682 Pauli-

2089 5699 2242 5746 num,
2276 5679 2427 5737 num.
2462 5682 2527 5735 l0
2555 5701 2566 5735 :
2598 5679 2868 5736 Credenti'
2891 5691 3032 5734 totus
3070 5679 3298 5732 mundus
3341 5680 3632 5735 divitiarum

2090 5763 2205 5807 est:
2242 5752 2472 5806 infidelis
2509 5760 2683 5804 autem
2718 5752 2879 5805 etiam
2908 5750 3056 5803 obolo
3090 5749 3306 5817 indiget.
