4084 6302
360 413 498 470 i893

1495 397 1559 451 IN
1601 391 1838 451 LUC.\M
1881 388 2160 444 HOMILIA
2206 387 2444 442 XXXVI.

3479 391 3618 446 1894

353 528 452 583 ﬁa.
501 523 619 578 Non
667 531 749 578 cst
803 520 947 574 aliud
998 526 1211 582 tempus
1261 511 1522 566 faciendae
1563 509 1795 563 rationis
1825 507 1927 558 nisi
1964 509 2004 563 Λ
2038 503 2194 570 hujus
2226 503 2291 554 τε.
2335 502 2442 554 Aut
2477 497 2890 568 conparatione
2941 498 3190 568 majoris,
3248 506 3407 552 tenue
3453 509 3618 569 atque

360 611 580 687 tempus
622 612 849 687 judicii,
891 608 1110 678 quando
1152 605 1360 674 liquido
1404 610 1762 672 cognoscatur
1797 597 1927 666 quid

356 709 515 767 nobis
565 705 827 762 creditum
883 711 984 766 est,
1037 709 1090 754 et
1137 699 1266 770 quid
1316 696 1476 760 lucri,
1524 693 1722 762 quidve
1766 688 1931 744 detri-

358 801 526 854 menti
572 795 883 856 fecerimus,
933 792 1059 861 quis
1112 801 1360 846 nostrum
1413 784 1680 854 acceperit
1724 795 1930 845 mnam,

360 890 485 961 quis
512 901 682 942 unum
727 885 1011 947 talentum,
1060 884 1184 951 quis
1227 882 1368 943 duo,
1413 878 1541 947 quis
1588 875 1830 944 quinque
1863 871 1929 925 θ’.

361 982 594 1039 Necesse
619 993 728 1034 non
762 985 840 1033 est
874 976 1030 1046 plura
1063 975 1327 1039 indicare,
1367 987 1489 1028 cttm
1531 970 1635 1023 hoc
1685 967 1740 1020 in
1783 979 1935 1020 com-

362 1088 529 1130 mune
566 1072 770 1127 dixisse
810 1067 1060 1131 sullieiat,
1099 1067 1410 1122 reddituros
1454 1078 1552 1118 nos
1603 1075 1723 1115 esse
1768 1055 1935 1110 ratio-

365 1181 488 1223 nem
519 1173 609 1220 :et
637 1163 684 1218 si
720 1161 994 1217 debitores
1031 1159 1236 1214 inventi
1277 1157 1544 1212 fuerimus
1574 1152 1715 1206 trahi
1749 1150 1813 1204 ad
1849 1148 1937 1217 ju-

364 1255 560 1319 dieem,
592 1262 648 1308 et
677 1267 704 1306 a
727 1251 909 1320 judice
939 1249 1185 1305 exactori
1217 1249 1380 1303 tradi.
1411 1244 1620 1315 Singuli
1654 1251 1939 1297 exactores

366 1345 616 1416 proprios
648 1343 911 1398 habemus
937 1357 949 1393 :
974 1341 1155 1396 omnis
1182 1354 1313 1394 vero
1343 1336 1655 1399 multitudo,
1690 1333 1940 1404 pluribus

366 1437 640 1501 traditur,
703 1435 1004 1491 secundum
1061 1433 1114 1488 id
1168 1432 1315 1502 quod
1373 1431 1426 1485 in
1486 1428 1623 1483 lsaia
1677 1427 1936 1496 scriptum

365 1537 451 1584 est
473 1528 560 1580 7°:
595 1527 826 1594 Populus
859 1541 1027 1589 meus,
1057 1513 1336 1578 exactores
1372 1521 1529 1575 uestri
1560 1519 1791 1588 spoliant
1829 1535 1938 1584 ros,

367 1629 415 1674 et
436 1616 525 1688 qui
544 1624 776 1687 potentes
801 1625 923 1669 sunt
951 1616 1300 1668 dominantur
1345 1613 1524 1668 vestri.
1580 1610 1944 1665 Dominantur

367 1720 670 1774 exactores,
708 1710 753 1764 sl
791 1708 1142 1763 debuerimus
1171 1706 1398 1776 aliquid.
1433 1704 1490 1758 Si
1519 1714 1702 1759 autem
1736 1704 1943 1757 habueo

370 1801 543 1856 rimus
568 1800 841 1865 flduciam,
875 1809 929 1854 et
962 1798 1135 1852 fronte
1162 1797 1330 1852 libera
1357 1795 1682 1862 vixerimus,
1711 1795 1940 1848 servabo

370 1898 695 1959 praeceptum
722 1890 896 1943 libens
925 1903 938 1942 τ
967 1888 1183 1941 Reddite
1208 1886 1447 1953 omnibus
1477 1885 1652 1939 debita
1678 1899 1696 1936 :
1723 1884 1811 1937 cui
1839 1884 1942 1936 tri-

373 1978 577 2045 butum,
611 1977 907 2032 tributum:
933 1977 1016 2030 cui
1052 1977 1311 2042 timorem,
1349 1961 1629 2028 timo'rem:
1667 1974 1752 2026 cui
1786 1971 1944 2026 vecti-

372 2067 480 2137 gal,
510 2068 731 2139 vectigal
754 2082 772 2120 :
794 2069 879 2122 cui
904 2069 1175 2134 honorem,
1218 2067 1466 2121 honorem
1489 2066 1559 2119 τί.
1600 2064 1658 2118 Si
1688 2063 1944 2118 omnibus

373 2159 629 2214 universa
669 2159 976 2225 reddidero,
1005 2159 1163 2213 venio
1201 2157 1267 2212 ad
1309 2169 1642 2219 exactorem,
1684 2163 1738 2208 et
1779 2153 1943 2206 intre-

374 2250 500 2319 pida
543 2261 722 2303 mente
765 2249 1088 2317 respondeo,
1113 2247 1260 2301 Nihil
1305 2249 1402 2302 tibi
1428 2247 1618 2301 debeo.
1649 2243 1811 2299 Venit
1852 2259 1948 2296 ex-

375 2349 529 2396 actor
568 2341 634 2394 ad
660 2339 1082 2408 deposcendum,
1123 2339 1322 2394 resisto
1353 2338 1423 2392 ei.
1467 2335 1595 2391 Scio
1628 2335 1773 2389 enim
1802 2333 1948 2404 quod

377 2431 422 2487 si
473 2431 607 2485 nihil
658 2430 932 2493 debuero,
993 2429 1048 2482 in
1096 2443 1184 2484 me
1233 2443 1343 2484 non
1394 2427 1554 2481 habet
1601 2433 1946 2495 potestatem.

379 2521 534 2589 Quod
566 2522 610 2576 si
637 2520 850 2574 debitor
896 2519 1071 2586 fuero,
1105 2521 1282 2574 mittet
1311 2533 1400 2573 me
1431 2527 1651 2572 exactor
1697 2529 1853 2570 meus
1896 2514 1950 2568 in

378 2625 674 2697 carcerem,
713 2611 804 2664 illo
847 2611 1036 2665 ordine
1061 2609 1154 2680 qui
1181 2610 1471 2680 praedictus
1517 2615 1620 2663 est.
1682 2607 1954 2661 Adversa—

381 2705 496 2758 rius
536 2703 680 2758 enim
716 2717 804 2757 me
843 2702 992 2757 dueit
1029 2701 1096 2756 ad
1125 2701 1448 2771 principem,
1480 2701 1731 2770 princeps
1769 2699 1834 2754 ad
1863 2698 1953 2768 ju-

380 2793 580 2858 dicem,
630 2801 684 2847 et
729 2792 896 2862 judex
951 2791 1128 2846 tradet
1180 2807 1267 2846 me
1314 2791 1579 2853 exactori,
1640 2799 1692 2844 et
1733 2798 1955 2844 exactor

382 2881 560 2936 mittet
588 2882 640 2936 in
672 2896 967 2937 carcerem.
1000 2880 1132 2948 Qua:
1161 2881 1236 2952 (4)
1267 2889 1350 2936 est
1388 2881 1473 2935 lex
1496 2879 1739 2952 careeris
1761 2877 1959 2932 istius?

382 2971 501 3027 Non
553 2974 800 3044 egredior
851 2989 916 3028 ex
963 2988 1050 3038 eo,
1098 2989 1276 3043 neque
1335 2987 1421 3026 me
1477 2981 1702 3026 exactor
1751 2970 1957 3040 patitur

383 3065 561 3129 exire,
603 3065 707 3119 nisi
751 3064 991 3118 debitum
1042 3079 1204 3118 omne
1243 3064 1576 3132 persolvere.
1632 3061 1750 3116 Non
1797 3062 1959 3117 habet

383 3161 603 3208 exactor
651 3161 993 3222 potestatem,
1044 3162 1102 3206 ut
1142 3153 1274 3206 mihi
1328 3153 1518 3207 saltem
1572 3151 1954 3221 quadrantem.
1985 3175 2026 3230 ς

385 3240 469 3294 vel
520 3239 798 3292 minimam
845 3240 1151 3308 portionem
1207 3241 1384 3294 valeat
1430 3240 1764 3306 concedere,
1811 3255 1956 3294 unus

381 3343 485 3400 est,
516 3331 608 3401 qui
654 3331 986 3386 debitoribus
1031 3346 1137 3384 non
1181 3331 1507 3385 habentibus
1561 3331 1704 3385 unde
1754 3333 1958 3400 persol-

385 3433 532 3487 vant,
557 3433 736 3495 potest
758 3425 1074 3480 concedere.
1094 3425 1346 3489 Accessit,
1365 3423 1560 3492 inquit,
1586 3422 1654 3475 ad
1679 3439 1796 3475 eum
1819 3439 1954 3476 unus

385 3515 474 3582 qui
515 3513 730 3566 debebat
763 3513 1071 3581 quingentos
1116 3513 1384 3572 denarios,
1428 3519 1477 3562 et
1520 3510 1660 3562 alius
1699 3513 1958 3582 quinqua-

391 3603 539 3669 ginta
568 3618 587 3656 :
616 3611 664 3654 et
696 3615 813 3652 cum
845 3615 946 3651 non
973 3599 1220 3651 haberent
1250 3597 1388 3651 unde
1418 3597 1729 3661 redderent,
1779 3598 1960 3650 ambo-

390 3690 483 3742 bus
519 3689 736 3741 donavit
763 3689 832 3740 ".
869 3687 971 3753 Qui
1007 3686 1230 3741 donavit
1257 3685 1522 3741 Dominus
1548 3693 1670 3740 est:
1701 3686 1801 3740 iste
1829 3701 1959 3740 vero

390 3781 483 3849 qui
517 3789 735 3834 exactor
758 3786 857 3842 est,
889 3793 996 3832 non
1030 3788 1112 3833 est
1132 3778 1406 3842 dominus,
1437 3779 1532 3833 sed
1563 3793 1593 3831 a
1631 3777 1862 3833 Domino
1890 3779 1956 3832 ad

392 3871 653 3942 exigenda
699 3871 878 3924 debita
925 3869 1266 3939 przepositus.
1317 3867 1435 3923 Non
1485 3867 1634 3924 fuisti
1671 3869 1866 3937 dignus
1903 3879 1962 3923 ut

396 3962 493 4016 tibi
526 3961 827 4031 Quingenti,
872 3963 984 4015 sive
1017 3961 1414 4030 quinquaginta
1441 3960 1648 4014 denarii
1692 3960 1962 4014 donaren-

397 4065 506 4119 tur,
540 4067 639 4106 nee
677 4051 864 4106 audire
889 4052 1157 4116 meruisti,
1189 4048 1423 4106 Dimissa
1467 4060 1595 4105 sunt
1636 4051 1733 4104 tibi
1766 4051 1962 4104 delicta

398 4159 488 4203 tua
536 4163 548 4200 :
598 4147 692 4201 sed
742 4145 975 4200 mitteris
1030 4145 1082 4198 in
1135 4159 1444 4202 carcerem.
1495 4153 1548 4197 et
1589 4143 1660 4197 ibi
1729 4142 1962 4212 exigeris

394 4255 492 4310 per
527 4239 766 4292 laborem
810 4246 861 4292 et
891 4251 1076 4306 Opera,
1126 4235 1242 4290 sive
1283 4251 1377 4303 per
1407 4249 1596 4304 poenas
1631 4242 1794 4303 atque
1835 4249 1965 4303 sup-

395 4331 576 4402 plicia,
609 4339 663 4385 et
701 4344 810 4382 non
851 4329 975 4382 inde
1006 4328 1157 4382 exies
1197 4327 1303 4382 nisi
1341 4325 1643 4380 reddideris
1683 4324 1964 4394 quadran-

399 4434 527 4489 tem,
577 4422 662 4477 vel
713 4419 1070 4475 novissimum
1123 4419 1416 4481 minutum,
1463 4416 1608 4487 quod
1653 4416 1729 4488 (5)
1782 4415 1966 4472 Graece

2035 593 2255 644 subtile.
2299 591 2496 643 Beatus
2524 603 2606 643 CSI.
2641 589 2822 656 igitur,
2861 587 3097 655 primum
3132 591 3222 656 qui
3257 603 3364 640 non
3396 602 3612 657 peccat,

2037 686 2275 736 secundo
2317 690 2374 734 ut
2421 682 2474 733 in
2519 679 2805 732 collatione
2840 677 3039 746 aliquis
3069 678 3260 730 saltem
3297 688 3461 732 tenue
3489 693 3620 748 pec-

2036 779 2217 824 catum
2265 769 2480 823 haheat.
2520 767 2585 820 Et
2627 768 2765 821 inter
2807 767 2919 835 ipsa
2969 781 3191 835 quoque
3239 768 3421 821 tenuia
3458 779 3620 838 atque

2035 864 2278 925 subtilia,
2309 872 2391 915 est
2418 861 2706 915 diversitas
2742 867 3107 928 peccatorum.
3139 857 3252 913 Nisi
3283 870 3426 914 esset
3457 875 3622 928 pecu-

2039 953 2129 1007 nia
2182 952 2430 1014 subtilis,
2468 964 2746 1018 nunquam
2797 949 3109 1002 diceretur:
3153 947 3274 1000 Non
3301 951 3442 1002 exies
3477 951 3623 1017 inde,

2038 1045 2202 1098 donec
2238 1043 2429 1096 reddas
2473 1042 2812 1095 novissimum
2842 1041 3192 1110 quadrantem
3216 1040 3283 1095 ⁷⁵.
3330 1041 3622 1106 Quomodo

2039 1136 2156 1191 sine
2191 1135 2421 1205 pecunia
2467 1134 2676 1188 diceret
2719 1133 3078 1186 novissimum
3127 1132 3418 1199 minutum,
3469 1133 3614 1201 quod

2039 1237 2123 1282 est
2162 1226 2441 1290 denarius,
2488 1224 2602 1278 sive
2645 1238 2918 1283 nummus.
2961 1223 3077 1276 sive
3119 1224 3338 1286 obolos,
3387 1223 3470 1276 vel
3513 1233 3624 1276 sta-

2042 1330 2178 1373 tera.
2208 1317 2362 1383 Quod
2395 1317 2440 1371 si
2473 1331 2725 1385 magnam
2756 1314 3041 1383 pecuniam
3075 1314 3446 1379 debuerimus,
3481 1314 3623 1367 sicut

2041 1413 2130 1466 ille
2169 1411 2261 1480 qu'i
2297 1411 2555 1463 scribitur
2589 1410 2775 1462 decem
2813 1407 2982 1460 millia
3033 1406 3228 1461 talenta
3281 1405 3536 1460 debuisse
3555 1405 3626 1470 ⁷⁵,

2042 1512 2246 1573 quanto
2290 1511 2532 1569 tempore
2569 1499 2888 1553 claudamur
2928 1499 2982 1550 in
3019 1513 3258 1557 carcere.
3291 1498 3465 1551 donec
3501 1497 3625 1550 red-

2043 1597 2238 1648 damus
2262 1593 2526 1656 debitum,
2551 1606 2656 1643 non
2686 1603 2909 1657 possum
2936 1589 3221 1642 manifeste
3244 1590 3618 1656 pronuntiare.

2045 1686 2100 1741 Si
2148 1687 2294 1740 enim
2347 1687 2440 1754 qui
2488 1698 2680 1752 parum
2727 1681 2919 1746 debet,
2962 1695 3071 1733 nou
3124 1680 3468 1750 egredietur,
3518 1680 3626 1733 nisi

2044 1779 2289 1832 exsolvat
2333 1777 2603 1828 minutum
2649 1774 3008 1842 quadrantem
3046 1790 3058 1825 :
3101 1773 3289 1840 utique
3327 1771 3420 1840 qui
3477 1779 3629 1825 tanto

2045 1870 2226 1922 debito
2272 1866 2436 1919 fuerit
2486 1865 2787 1929 obnoxius,
2821 1863 3032 1916 infinita
3082 1861 3132 1916 ei
3177 1862 3242 1916 ad
3293 1861 3627 1915 reddendum

2045 1961 2286 2014 debitum
2315 1958 2512 2012 saecula
2548 1957 3002 2011 numerabuntur.
3052 1954 3396 2023 Quapmpter
3420 1954 3496 2024 (6)
3532 1953 3627 2006 de-

2046 2067 2169 2105 mus
2221 2064 2475 2118 operam,
2529 2059 2590 2101 ut
2637 2048 2932 2102 liberemur
2976 2046 3045 2099 ab
3087 2045 3435 2109 adversario,
3495 2045 3626 2097 dum

2048 2159 2240 2198 sumus
2289 2143 2345 2195 in
2388 2141 2498 2207 via,
2529 2150 2582 2194 ct
2623 2140 2922 2209 jungamur
2957 2136 3189 2190 Domino
3213 2135 3366 2200 Jesu,
3417 2135 3504 2188 cui
3550 2143 3633 2190 est

2049 2237 2218 2305 gloria
2250 2243 2304 2290 et
2331 2234 2618 2304 imperium
2650 2233 2702 2284 in
2727 2231 2926 2286 s-.ecula
2955 2228 3301 2284 saeculorum.
3326 2227 3521 2280 Amen.

2545 2341 2826 2397 llOlllLlA
2879 2338 3138 2394 XXXVI.

2051 2458 2129 2512 De
2166 2475 2224 2512 eo
2265 2456 2403 2527 quod
2455 2457 2711 2527 scriptum
2756 2463 2831 2507 est
2870 2469 2887 2506 :
2930 2471 2949 2504 ι
2986 2451 3092 2516 Qui
3135 2449 3352 2527 coluerit
3397 2448 3632 2527 animam

2123 2519 2287 2581 suam'
2308 2526 2532 2589 sulcare,
2562 2519 2743 2594 perdet
2776 2539 2893 2594 eam
2913 2563 2928 2587 ,
2966 2541 2983 2572 ι
3032 2536 3194 2589 usque
3223 2520 3291 2570 ad
3317 2535 3432 2594 eum
3462 2519 3635 2570 locum

2124 2598 2213 2651 ubi
2245 2598 2321 2650 ait
2349 2612 2367 2649 :
2399 2615 2415 2646 ι
2448 2588 2680 2665 Regnum
2715 2593 2810 2645 Dei
2841 2592 2985 2644 intra
3018 2588 3115 2644 vos
3132 2598 3228 2642 est.
3263 2608 3281 2639 ι
3331 2588 3466 2655 Cap.
3500 2602 3632 2639 xvu.

2131 2686 2236 2752 Qui
2261 2686 2552 2756 quaesierit,
2580 2681 2776 2749 inquit,
2815 2681 3049 2733 animum
3076 2693 3226 2730 suam
3256 2677 3484 2737 salvere,
3515 2692 3635 2743 per-

2057 2785 2143 2833 det
2171 2794 2286 2834 eam
2315 2792 2334 2831 :
2378 2787 2426 2830 et
2458 2777 2546 2846 qui
2578 2775 2867 2845 perdiderit
2898 2788 3036 2838 eant,
3069 2768 3295 2823 salvabit
3323 2784 3461 2821 eam.
3495 2765 3639 2819 Mar-

2060 2883 2204 2942 tv'es
2249 2877 2500 2939 quaerunt
2551 2867 2762 2921 salvare
2815 2863 3053 2917 animam
3106 2874 3259 2913 suam
3300 2875 3314 2912 :
3353 2866 3635 2926 propterea

2060 2961 2312 3031 perdunt,
2355 2967 2413 3013 ut
2453 2958 2663 3013 salvent
2707 2969 2851 3008 eam.
2886 2952 2989 3018 Qui
3022 2965 3152 3004 vero
3183 2947 3373 3001 volunt
3423 2945 3637 3000 salvare

2061 3054 2298 3108 animam
2341 3067 2531 3114 suam,
2574 3059 2634 3102 ut
2669 3062 2777 3100 non
2811 3045 3040 3114 perdant
3069 3057 3210 3106 eam,
3251 3039 3305 3093 hi
3346 3049 3401 3093 et
3439 3053 3639 3106 corpus

2061 3159 2111 3198 ct
2159 3143 2398 3197 animam
2442 3140 2610 3209 976
2663 3137 2898 3206 perdunt
2949 3134 3153 3203 pariter
3204 3132 3258 3184 in
3313 3130 3638 3199 gehennam.

2065 3231 2414 3296 Quamobrem
2437 3231 2596 3281 nolite
2629 3228 2810 3280 timere
2839 3240 2947 3287 eos,
2971 3223 3064 3286 ait,
3092 3222 3182 3290 qui
3205 3230 3422 3289 possunt
3451 3235 3640 3286 corpus

2065 3324 2319 3386 occidere,
2359 3320 2448 3374 sed
2489 3321 2664 3372 timete
2702 3315 2870 3384 magis
2915 3329 3034 3366 cum
3073 3313 3163 3380 qui
3201 3321 3370 3380 potest
3405 3311 3640 3363 animam

2063 3427 2108 3469 et
2145 3431 2332 3482 corpus
2366 3413 2577 3480 perdere
2611 3410 2666 3460 in
2691 3408 2997 3476 gehennam.
3032 3402 3147 3456 lloc
3177 3402 3241 3454 ad
3273 3401 3639 3470 pl0pusituui,

2061 3507 2214 3574 juxta
2248 3505 2393 3556 vires
2435 3499 2634 3567 ingenii
2677 3497 2847 3550 nostri
2881 3493 3115 3547 breviter
3145 3492 3464 3546 dixerimus.
3511 3491 3643 3544 Ani-

2066 3595 2222 3649 malis
2261 3601 2434 3645 autem
2483 3605 2586 3640 non
2637 3587 2822 3654 recipit
2870 3601 2930 3637 ea
2963 3599 3080 3652 qua:
3125 3592 3247 3634 sunt
3303 3583 3526 3650 spiritus
3561 3583 3641 3636 7°:

2066 3697 2120 3740 et
2174 3683 2375 3738 idcirco
2428 3677 2624 3732 salvari
2672 3691 2780 3729 non
2833 3683 3032 3744 potest.
3091 3671 3401 3726 Sentinatur
3453 3689 3642 3739 conus

2068 3777 2327 3838 animate,
2377 3771 2546 3840 surgit
2589 3785 2777 3837 corpus
2833 3765 3076 3835 spiritale
3103 3765 3168 3819 ⁷⁷.
3211 3764 3382 3819 Porro
3413 3765 3507 3832 qui
3546 3765 3643 3818 ad—

2070 3871 2235 3923 lueret
2263 3862 2510 3925 Domino,
2552 3858 2778 3927 spiritus
2817 3871 2962 3910 unus
3001 3852 3247 3908 eliicitur.
3295 3851 3352 3905 Si
3384 3866 3514 3919 ergo
3547 3853 3640 3920 qui

2071 3959 2299 4012 Domino
2341 3951 2648 4020 copulatur,
2691 3963 2815 4003 cum
2863 3946 3116 4001 animalis
3161 3952 3308 3997 esset
3353 3959 3450 4012 per
3490 3942 3542 3996 id
3585 3943 3643 3997 in

2070 4046 2363 4117 spiritalem
2397 4040 2645 4101 vertitur,
2678 4045 2731 4092 et
2760 4051 2903 4091 unus
2937 4043 3018 4087 est
3053 4033 3278 4102 spiritus
3313 4047 3326 4083 :
3372 4045 3475 4084 nos
3505 4045 3643 4099 quo—

2070 4154 2176 4209 que
2218 4135 2509 4205 perdamus
2560 4130 2797 4183 animam
2868 4136 3111 4179 nostram
3138 4165 3154 4189 ,
3213 4131 3272 4177 ut
3304 4121 3644 4177 adhaerentes

2072 4226 2301 4280 Domino
2334 4223 2387 4276 in
2421 4234 2590 4274 unum
2643 4217 2891 4286 spiritum
2943 4213 3416 4266 transformemur.
3453 4209 3556 4263 Sed
3587 4219 3643 4265 et

2070 4320 2136 4374 de
2163 4330 2330 4386 regno
2359 4312 2454 4366 Dei
2488 4311 2879 4378 interrogatus.
2919 4303 3196 4374 respondit
3226 4301 3474 4355 Salvator
3499 4299 3642 4354 Pha-

2071 4408 2284 4465 riseeis:
2332 4399 2556 4468 Quando
2590 4398 2808 4462 venerit,
2835 4395 3052 4464 inquit,
3097 4408 3201 4445 non
3243 4391 3378 4444 venit
3423 4406 3640 4458 regnum

400 4522 552 4565 tenue
593 4511 700 4566 dici
747 4518 945 4579 potest,
996 4508 1227 4563 Peccata
1272 4519 1454 4562 autem
1501 4480 1962 4576 nostra'pinguia
1999 4517 2040 4571 ι)
2066 4501 2164 4560 Dei
2194 4512 2312 4551 cum
2345 4491 2722 4552 observatione,
2769 4503 2929 4556 neque
2959 4484 3175 4547 dicunt,
3222 4497 3354 4579 ecce
3379 4480 3484 4543 hic,
3532 4488 3630 4533 aut

401 4610 548 4658 sunt.
595 4601 862 4656 Scribitur
902 4600 1049 4656 enim
1086 4619 1100 4650 :
1135 4598 1502 4653 Incrassatum
1545 4607 1621 4652 est
1657 4613 1749 4652 cor
1785 4597 1967 4666 populi

471 4741 514 4772 “
539 4738 726 4792 Matth.
754 4753 878 4790 xxv.

966 4737 1011 4768 '°
1049 4735 1178 4804 Cap.
1210 4752 1290 4799 ιιι,
1337 4750 1481 4790 vers.
1526 4735 1612 4788 η.

401 4810 447 4842 ’⁸
464 4809 651 4863 Matth.
685 4824 737 4874 v,
753 4808 843 4861 26.

919 4807 963 4838 ⁷³
985 4805 1175 4860 Matth.
1204 4821 1356 4859 xvm.

475 4953 556 5022 (4)
581 4950 660 5005 Ex
688 4949 792 5004 hoc
821 4949 965 5022 item
985 4948 1105 5001 loco
1129 4947 1198 5001 cl.
1227 4944 1458 5022 Huetjus
1485 4942 1973 5022 eqlligitnputasse

403 5012 712 5094 Origenem,
737 5019 912 5087 poenis
935 5018 1319 5094 damnatorum
1349 5015 1508 5094 finem
1540 5012 1852 5094 impositum
1881 5012 1970 5078 iri,

407 5106 462 5149 et
499 5081 890 5146 amniaunum
935 5087 990 5140 in
1026 5085 1135 5141 Deo
1170 5086 1385 5139 tandem
1417 5081 1712 5154 aliquando
1751 5081 1970 5154 futura;

409 5175 584 5231 neque
608 5159 761 5231 adeo
805 5158 940 5210 alias
982 5171 1144 5224 quam
1179 5150 1545 5231 purgatorias_
1567 5166 1778 5231 poenas
1795 5150 1972 5231 admi-

409 5220 566 5288 sisse.
607 5226 740 5290 Nos,
781 5220 1094 5296 quanquam
1132 5220 1194 5278 et
1227 5220 1390 5296 supra
1419 5223 1487 5277 ad
1533 5220 1721 5296 hoinil.
1745 5220 1816 5273 24
1862 5220 1974 5296 ani-

410 5287 822 5356 madvertimus.
853 5306 906 5351 et
935 5287 1056 5348 aliis
1085 5287 1456 5362 compluribus
1476 5307 1542 5362 ex
1571 5289 1705 5344 locis
1745 5287 1972 5362 manife-

411 5381 554 5424 stum
590 5367 794 5422 erroris
835 5376 1116 5420 teneamus
1155 5359 1440 5433 Oi‘igenem
1479 5361 1534 5433 _iu
1569 5359 1971 5433 quaestionede

411 5434 1058 5510 pennarumazternit-ate;
1105 5448 1214 5487 non
1256 5428 1444 5510 iumen
1479 5428 1625 5484 hunc
1667 5428 1856 5510 eadem
1887 5428 1971 5509 la-

414 5497 606 5564 borare
642 5505 802 5574 culpa
843 5497 1169 5574 contextum
1194 5501 1597 5574 existimamus,
1625 5499 1758 5574 quin
1790 5497 1972 5574 potius

415 5566 811 5632 reontrarie-ex
849 5573 918 5626 iis
949 5589 1092 5627 unus
1123 5571 1389 5635 videatur,
1427 5569 1520 5639 qui
1553 5569 1608 5622 in
1637 5566 1756 5638 ejus
1786 5566 1972 5639 defen-

417 5648 622 5702 sionem
658 5643 849 5697 adduci
876 5651 1095 5712 queant.
1130 5641 1294 5712 Certe
1313 5636 1974 5712 cum'posset'commode

413 5714 769 5769 Adamantius
795 5709 1126 5780 propositam
1149 5710 1461 5780 parabolam
1488 5709 1540 5761 in
1565 5721 1722 5761 suum
1751 5720 1971 5780 sensum

419 5725 769 5769 Adamantius
795 5725 1126 5780 proposuam
1187 5725 1461 5764 araDOIam
1488 5725 1540 5761 In
1565 5725 1722 5761 suum
1751 5725 1938 5760 sensur

419 5797 666 5852 perverse
689 5782 1036 5851 detorquere,
1063 5725 1329 5838 catiiolico
1357 5778 1470 5834 fere
1499 5792 1662 5834 sensu
1689 5775 1938 5845 exposuit

1715 4735 1758 4766 ⁷¹
1805 4734 1960 4788 Rom.
2003 4748 2123 4795 xm,
2173 4729 2223 4781 7.

1432 4806 1478 4836 ⁷⁸
1513 4804 1679 4858 lCor.
1705 4819 1766 4868 ιι,
1792 4805 1877 4857 14.
1953 4805 1996 4836 ⁷⁷
2031 4793 2198 4856 lCor.
2235 4812 2324 4862 xv,
2354 4793 2445 4848 44.

2075 4607 2189 4649 ecce
2213 4588 2306 4642 ibi.
2342 4584 2575 4654 Regnum
2607 4580 2746 4634 enim
2769 4578 2866 4632 Dei
2905 4578 3046 4630 intra
3075 4590 3162 4630 vos
3187 4582 3286 4629 est.
3314 4570 3430 4626 Non
3463 4571 3642 4625 omni-

2331 4725 2377 4756 "
2411 4721 2544 4777 Luc.
2587 4736 2685 4784 vn,
2720 4718 2812 4786 41,
2851 4717 2943 4772 42.
3051 4714 3098 4747 ⁷³
3130 4715 3250 4770 Act.
3301 4727 3466 4766 xxvm
3493 4751 3510 4776 ,
3547 4710 3639 4766 27.

2077 4949 2192 4995 tum
2225 4928 2660 4990 luculentissime
2697 4924 2959 4984 definivit,
2975 4923 3300 4995 graviorum
3326 4922 3640 4995 criminum

2232 5001 2448 5060 aeternis
2479 4995 2806 5052 addieendos
2834 4990 3113 5062 suppliciis
3138 5007 3259 5063 cum
3289 4991 3365 5063 ait
3397 5008 3409 5042 :
3442 4990 3642 5063 Signa-

2071 5053 2517 5143 iiiiﬁiéiiiiigam
2534 5053 2918 5143 debuerimus,‘
2941 5053 3078 5115 sicut
3119 5062 3214 5143 ille
3245 5062 3334 5143 qui
3379 5053 3639 5143 scribitur

2077 5130 2257 5200 decem
2288 5141 2462 5195 millia
2493 5137 2693 5190 talenta
2718 5135 2977 5194 debuisse,
3000 5141 3194 5200 quanto
3241 5141 3467 5200 tempore
3497 5130 3642 5180 clau-

2077 5199 2270 5269 damur
2317 5212 2376 5264 in
2413 5222 2650 5270 carcere,
2694 5203 2856 5257 donec
2899 5199 3180 5255 reddamus
3231 5199 3494 5270 debitum,
3537 5215 3641 5251 non

2077 5298 2304 5352 possunt?
2330 5277 2605 5352 manifeste
2639 5269 3106 5352 pronuntiare“...
3149 5271 3329 5352 utique
3363 5269 3454 5352 qui
3495 5277 3643 5352 tanto

2075 5335 2251 5407 debito
2279 5349 2440 5420 fuerit
2464 5335 2740 5420 obnoxius,
2769 5356 3006 5395 INPINITA
3033 5340 3081 5393 ei
3107 5338 3174 5391 ad
3203 5335 3520 5391 reddendum
3551 5337 3644 5390 de-

2077 5424 2244 5477 bitum
2279 5411 2474 5474 stecula
2501 5411 2937 5470 numerabuntur.

2267 5471 2532 5563 Additum
2570 5485 2678 5563 hoc
2713 5495 2928 5563 quqque
2965 5471 3645 5563 commaiesthalgi‘slliei-o-

2075 5544 2274 5633 uy‘mol
2302 5571 2362 5633 ut
2391 5544 2855 5633 quod-inieirtdi
2885 5550 3032 5633 vocis
3061 5547 3210 5601 varia
3251 5544 3644 5614 signiﬁcatione

2077 5623 2216 5688 ludit
2239 5623 2521 5698 Origenes,
2547 5623 2776 5698 Latinus
2804 5623 2972 5673 lector
2999 5627 3401 5698 ais-sequeretur.

2150 5685 2224 5773 (6)
2260 5685 2463 5753 Vitiose
2496 5685 2772 5764 legebatur
2798 5699 2957 5744 antea
2986 5688 3229 5741 debemus
3250 5725 3264 5752 ,
3301 5699 3400 5754 pro
3437 5685 3640 5737 demus.
