4084 6302
457 338 594 393 I895

452 548 577 602 dent
613 550 664 601 iu
700 547 1078 617 peccatoribus
1109 561 1336 617 regnum
1370 548 1578 617 peccati
1612 556 1718 611 est,
1752 556 1807 601 et
1829 546 2036 617 absque

455 641 565 693 ulla
601 640 976 708 ambiguitate,
1004 651 1099 693 aut
1138 654 1365 708 regnum
1405 639 1640 709 peccati.
1684 649 1779 693 aut
1809 654 2033 708 regnum

454 728 549 782 Dei
581 729 633 781 iu
661 729 826 782 corde
864 740 1054 784 nostro
1086 730 1335 800 imperat.
1390 728 1545 785 Uude
1593 731 1709 787 sive
1741 747 1865 801 quae
1899 730 2036 786 faci-

455 836 608 881 mus,
662 821 778 874 sive
819 835 942 889 quae
989 821 1310 891 loquimur,
1359 821 1474 877 sive
1527 837 1651 891 quae
1702 822 2030 892 cogitamus,

449 913 883 979 eontemplcmur
927 914 1208 977 attentius.
1248 924 1303 969 et
1337 924 1468 971 tunc
1511 913 1818 969 videbimus
1849 924 2032 969 utrum

450 1002 545 1057 Dei
581 1002 867 1072 imperium
909 1014 1100 1074 regnet
1139 1005 1195 1058 iu
1235 1004 1417 1071 nobis,
1460 1019 1529 1058 an
1571 1003 1858 1074 imperium
1902 1005 2036 1059 deli-

449 1103 684 1149 ctorum.
714 1093 889 1161 Quam
912 1094 1286 1151 diversitatem
1319 1096 1496 1152 sciens
1519 1095 1835 1166 Apostolus,
1861 1112 2031 1167 quos-

448 1184 572 1237 dam
621 1193 960 1249 commonet,
1001 1185 1192 1240 dicens
1229 1202 1244 1240 :
1285 1184 1410 1239 Non
1446 1197 1623 1257 regnet
1665 1196 1935 1256 peccatum
1976 1187 2034 1241 in

450 1274 666 1326 mortali
695 1283 862 1328 vestro
889 1291 1105 1346 corpore
1126 1277 1192 1332 ⁷⁸.
1225 1274 1281 1331 Si
1328 1278 1452 1347 quis
1490 1286 1735 1333 nostrum
1761 1277 2036 1334 desiderat

447 1379 674 1433 regnum
714 1364 829 1430 Dei,
874 1375 1133 1436 regnatur
1174 1368 1244 1423 ab
1282 1382 1370 1424 eo.
1411 1367 1469 1422 Si
1500 1368 1901 1437 quisavaritiw
1943 1383 2035 1420 ar-

447 1455 581 1509 dore
610 1455 907 1518 cruciatur,
941 1465 1200 1526 regnatur
1231 1457 1300 1512 ab
1328 1459 1578 1513 avaritia.
1620 1458 1793 1513 Porro
1821 1457 1915 1528 qui
1947 1458 2032 1511 in-

443 1544 715 1614 justitiam
750 1546 992 1615 reginam
1029 1546 1214 1612 habet,
1240 1558 1498 1618 regnatur
1531 1549 1601 1605 ab
1625 1565 1710 1605 ea.
1743 1551 1849 1616 Qui
1876 1564 2032 1609 vanae

446 1636 634 1705 gloriae
663 1637 961 1690 ambitione
1002 1638 1334 1705 sustollitur,
1366 1648 1558 1709 regnat
1599 1639 1648 1693 ei
1684 1655 1818 1695 aura
1852 1655 2030 1711 popu-

447 1725 579 1780 laris
628 1724 731 1791 Qui
760 1733 973 1788 iniceret,
1005 1726 1098 1795 qui
1129 1726 1332 1796 aliquid
1362 1727 1704 1793 reformidat,
1735 1731 1829 1800 qui
1858 1740 2028 1795 atuat,

448 1818 543 1885 qui
578 1817 871 1882 desiderat,
916 1817 1188 1887 imperant
1232 1817 1285 1872 ci
1332 1818 1568 1889 singula,
1612 1830 1776 1889 prout
1808 1831 2025 1891 pertur-

451 1910 765 1965 bationibus
813 1909 979 1965 variis
1019 1909 1351 1979 possidetur.
1400 1907 1531 1975 Quae
1570 1910 1753 1964 omnia
1815 1925 2022 1980 cogno-

447 2013 686 2066 scentes,
744 2012 799 2057 et
842 2018 1006 2071 quam
1057 2003 1228 2057 multa
1286 2002 1395 2056 sint
1441 2016 1639 2071 genera
1707 2016 2022 2071 regnorum,

448 2108 737 2162 surgamus
777 2107 1175 2163 precemurque
1208 2091 1402 2159 Deum,
1443 2102 1504 2148 ut
1546 2091 1760 2149 auferat
1798 2109 1828 2148 a
1865 2095 2025 2151 nobis

451 2200 675 2254 regnum
721 2184 926 2239 inimici
949 2224 964 2248 ,
1002 2194 1056 2239 et
1094 2185 1371 2255 possimus
1409 2187 1514 2242 sub
1557 2201 1728 2257 regno
1774 2202 1897 2243 esse
1928 2187 2022 2244 Dei

448 2276 857 2346 ouiuipotcutis,
912 2276 963 2330 id
1004 2284 1089 2331 est
1134 2277 1239 2333 sub
1285 2293 1454 2349 regno
1498 2279 1799 2349 sapientiae,
1848 2281 2021 2350 pacis,

443 2367 688 2436 justitim,
717 2368 981 2433 veritatis,
1008 2383 1130 2437 qum
1155 2377 1349 2423 cuncta
1382 2369 1437 2424 in
1468 2369 1748 2441 unigenito
1770 2369 1864 2425 Dei
1884 2370 2024 2427 Filio

446 2458 846 2529 intelliguntur,
883 2460 970 2515 cui
1001 2468 1088 2516 est
1116 2458 1289 2531 gloria
1318 2470 1372 2517 et
1402 2460 1689 2534 imperium
1738 2461 1795 2520 in
1823 2461 2021 2521 saecula

445 2551 789 2608 saeculorum.
820 2551 1032 2621 Amen”

936 2664 1216 2722 HOMILIA
1259 2665 1525 2722 XXXVII.
1956 2667 1966 2707 δ

499 2753 574 2809 De
603 2771 663 2809 eo
688 2755 827 2826 quod
858 2773 889 2810 a
920 2757 1200 2882 discipétlis
1228 2757 1405 2827 pullus
1435 2757 1603 2814 asina:
1634 2758 1839 2816 solutus
1868 2769 1967 2817 est.

1132 2843 1219 2882 an.
1268 2843 1379 2882 ιιι.

1132 2843 1219 2897 ap.
1268 2843 1379 2882 stx.

515 2932 739 2988 Lectum
773 2941 858 2988 est
892 2933 947 2987 in
973 2932 1266 3005 Evangelio
1292 2936 1591 2991 secundum
1619 2937 1846 3003 Lucam,
1880 2953 2019 3010 quo—

444 3023 778 3083 ntodo,cum
824 3024 1062 3079 venisset
1102 3023 1355 3080 Salvator
1384 3024 1714 3098 Bethphage,
1740 3037 1796 3083 et.
1824 3029 2021 3085 Betha-

445 3113 590 3165 niam
616 3111 773 3179 juxta
798 3121 1037 3167 montem
1057 3114 1271 3179 Oliveti,
1293 3115 1503 3171 miserit
1524 3117 1662 3173 duos
1681 3132 1713 3173 e
1734 3118 2017 3190 discipulis
2046 3136 2090 3196 ο

442 3203 580 3264 suis,
612 3214 669 3256 ut
694 3203 968 3257 solverent
990 3203 1197 3272 pullum
1226 3204 1417 3271 asinae,
1444 3207 1537 3275 qui
1571 3208 1785 3263 vinctus
1805 3218 1943 3275 erat,
1964 3218 2020 3264 et

441 3308 608 3362 super
619 3309 778 3363 quem
805 3294 986 3348 nullus
1003 3294 1285 3348 hominum
1304 3296 1597 3365 aliquando
1618 3300 1848 3354 sederat.
1865 3300 2020 3367 Quod

442 3384 664 3453 quidem
696 3384 829 3437 mihi
864 3384 1077 3438 videtur
1102 3385 1278 3455 magis
1319 3385 1386 3439 ad
1433 3386 1681 3442 altiorem
1714 3390 2022 3462 intelligen-

440 3478 596 3542 tiam,
623 3490 788 3544 quam
819 3476 885 3529 ad
919 3475 1222 3546 simplicem
1248 3476 1536 3533 historiam
1571 3481 1866 3550 pertinere.
1896 3483 2020 3539 Asi-

442 3584 545 3620 nus
592 3566 806 3621 vinctus
848 3576 983 3620 erat.
1048 3565 1321 3622 Ubinam?
1368 3569 1567 3625 Contra
1614 3570 1927 3646 Bethphage
1964 3585 2019 3630 ct

441 3657 781 3712 B.-thaniam.
860 3656 903 3712 E
950 3659 1150 3729 quibus
1205 3660 1463 3717 Bethania
1511 3661 1898 3733 interpretatur
1938 3666 2015 3736 (7)

438 3750 626 3802 domus
651 3750 981 3816 obedientite,
1017 3751 1327 3823 Bethphage
1357 3770 1511 3820 vero,
1536 3753 1723 3809 domus
1760 3758 2015 3812 maxilla-

441 3853 556 3890 rum
591 3855 609 3891 :
643 3840 1000 3896 sacerdotalis
1028 3843 1248 3911 quidam
1278 3843 1431 3899 locus
1460 3861 1474 3897 :
1499 3844 1732 3898 maxilla:
1753 3847 1898 3900 enim
1926 3863 2016 3902 sa-

438 3930 752 3984 cerdotibus
786 3931 1078 3995 dabantur,
1114 3932 1254 3988 sicut
1284 3933 1337 3987 in
1367 3934 1483 4003 lege
1508 3936 1837 4004 praecipitur.
1881 3938 2015 3993 Illuc

437 4036 567 4090 ergo
596 4021 686 4074 ubi
717 4021 1043 4088 obedientia,
1080 4024 1171 4078 ubi
1200 4025 1356 4080 locus
1400 4025 1776 4082 sacerdotibus
1807 4029 2015 4082 manci-

438 4120 631 4180 patus,
687 4111 851 4165 mittit
895 4111 1145 4168 Salvator
1170 4115 1469 4184 discipulos
1500 4130 1663 4178 suos.
1697 4125 1757 4170 ut
1799 4118 2015 4172 solvant

441 4202 652 4272 pullum
717 4202 884 4256 asina:
934 4218 1096 4273 super
1143 4220 1303 4274 quem
1352 4207 1533 4261 nullus
1583 4208 1862 4262 hominum
1914 4209 2014 4263 ali-

436 4291 658 4361 quando
684 4292 919 4347 sederat.
954 4291 1128 4347 Porro
1162 4295 1291 4364 quid
1325 4296 1469 4350 aliud
1494 4312 1655 4366 super
1678 4300 1891 4352 asinum
1925 4315 2011 4354 se~

435 4384 563 4436 dere
596 4391 775 4449 potest
801 4383 1007 4454 absque
1034 4384 1294 4440 homine?
1352 4385 1486 4441 Volo
1518 4388 1794 4457 paulisper
1821 4405 2010 4444 esem-

435 4476 583 4542 plum
615 4488 868 4541 sumere,
903 4485 960 4531 ut
992 4478 1137 4548 quod
1170 4478 1415 4533 dicturus
1450 4495 1569 4533 sum
1593 4520 1607 4542 ,
1646 4481 1820 4549 possit
1845 4483 2005 4537 intel-
2040 4500 2084 4555 ι)

433 4564 546 4635 ligi.
596 4564 870 4637 Scriptum
918 4575 1000 4623 est
1034 4569 1087 4622 in
1124 4567 1263 4624 Isaia
1294 4570 1339 4602 "’
1372 4587 1387 4624 :
1433 4568 1580 4624 Visio
1605 4572 2007 4642 quadrupedum

431 4656 487 4711 in
522 4658 865 4713 tribulatione
888 4669 938 4713 et
964 4662 1232 4730 angustia,
1255 4671 1310 4716 et
1337 4661 1567 4732 reliqua,
1592 4679 1765 4733 usque
1788 4666 1855 4719 ad
1878 4680 2002 4721 eum

431 4751 613 4805 locum
646 4749 738 4804 ubi
765 4751 843 4804 ait
885 4768 901 4804 :
938 4748 1062 4804 Non
1094 4751 1380 4820 proderunt
1409 4754 1483 4807 eis
1512 4755 1713 4811 diuitiis
1739 4757 2001 4826 aspidum.

434 4837 825 4911 Unusquisque
848 4850 1093 4896 nostrum
1117 4844 1427 4899 consideret
1455 4856 1689 4915 quantas
1708 4862 1839 4917 opes
1866 4843 2005 4918 aspi-

431 4933 560 4988 dum
594 4940 721 4987 ante
747 4935 1064 5002 portaverit,
1092 4944 1327 5005 quantas
1359 4935 1578 4993 divitias
1603 4938 1921 5004 bestiarum,
1949 4950 2004 4996 ct

430 5023 706 5094 quomodo
749 5038 1030 5094 nunquam
1083 5026 1420 5081 rationabilis
1469 5026 1633 5082 homo
1678 5029 1879 5084 sederit
1908 5047 2003 5086 su-

429 5130 527 5186 per
553 5113 769 5169 asinum
798 5122 1071 5180 nostrum,
1104 5131 1214 5170 non
1245 5131 1428 5172 sermo
1468 5115 1660 5188 Moysi,
1692 5131 1799 5172 non
1827 5117 1998 5187 Isaiae,

431 5219 539 5259 non
580 5201 861 5269 Ieremia),
908 5218 1009 5260 nec
1042 5205 1376 5276 reliquorum
1421 5207 1666 5261 omnium
1707 5208 2001 5279 prapheta-

498 5362 543 5394 ⁷⁸
564 5360 722 5418 Rom.
753 5379 834 5429 vr,
862 5362 951 5418 12.
1027 5364 1071 5396 ⁷³
1102 5363 1238 5433 Cap.
1278 5379 1385 5418 xxx
1407 5404 1422 5430 ,
1450 5378 1590 5419 vcrs.
1633 5363 1684 5418 6.
1779 5364 1824 5396 ⁸ο
1852 5362 1985 5420 Luc.

501 5515 578 5586 (7)
618 5514 821 5589 Confer
853 5514 911 5571 S.
937 5515 1250 5589 Hieronymi
1282 5518 1452 5589 libros
1482 5515 1770 5589 Namiuum
1806 5515 1993 5589 I_learg.,

431 5594 484 5638 ct
512 5601 633 5656 quae
658 5586 725 5639 ad
758 5586 952 5640 harum
995 5586 1190 5640 vocum
1235 5586 1588 5656 etymologias
1617 5602 1717 5641 nos
1743 5586 1992 5640 animad-

433 5655 694 5731 vertimus
713 5672 765 5731 ',__
775 5670 891 5731 non
940 5656 1107 5731 semel
1146 5656 1456 5731 Betltphage
1476 5655 1653 5713 villam
1696 5656 1997 5712 sacerdota-

433 5722 565 5775 iium
599 5722 937 5778 maxillarum
968 5722 1364 5796 interpretatur.

1904 331 2229 392 ORIGENIS

455 457 556 510 bus
582 455 831 511 Salvator
859 455 1008 519 dicit,
1040 470 1254 524 regnum
1287 454 1382 510 Dei
1410 455 1551 508 intra
1595 470 1679 508 ros
1709 463 1787 508 est
1815 469 1831 508 :
1864 453 2036 521 siqui-
2065 460 2108 512 Α
2141 466 2260 503 rum
2311 469 2324 503 :

2032 5382 2128 5434 ιιι,
2174 5367 2223 5421 1.

3583 341 3776 399 I896

2377 458 2431 505 et
2460 451 2659 506 videbit
2690 462 2817 508 tunc
2854 452 3062 509 sedisse
3091 470 3254 524 super
3279 471 3381 510 nos
3405 473 3761 515 sermonem

2143 539 2236 593 Dei
2264 549 2427 609 atquc
2471 543 2736 597 rationem
2756 584 2772 608 ,
2816 545 3035 613 quando
3067 546 3211 599 venit
3248 545 3510 603 Dominus
3537 547 3757 620 Iesus,

2135 641 2189 686 et
2214 632 2471 702 praecepit
2506 633 2792 706 discipulis
2825 637 2940 691 suis
2971 647 3028 691 ut
3059 646 3251 694 euntes
3279 639 3556 696 solverent
3593 642 3750 714 pul-
3827 704 3833 708 ,

2147 723 2259 778 lum
2288 724 2478 792 asintc,
2520 727 2613 796 qui
2646 729 2798 797 prius
2828 728 3043 785 vinctus
3073 729 3268 796 fuerat,
3311 741 3372 785 ut
3396 733 3535 788 liber
3569 736 3751 791 iaceo

2136 814 2311 871 deret.
2350 816 2575 875 Solutus
2601 820 2785 890 itaque
2805 821 2986 890 pullus
3017 821 3188 897 asina:
3214 820 3502 878 adducitur
3529 825 3596 879 ad
3632 825 3748 883 Io.

2135 923 2282 972 sum,
2309 910 2375 964 ad
2406 910 2565 981 cujus
2598 913 2926 968 solutionem
2976 913 3198 989 mittens
3232 913 3528 986 discipulos
3556 919 3741 975 dixe:-

2136 1009 2223 1054 rat
2250 1019 2262 1053 :
2302 999 2362 1055 Si
2387 1004 2503 1071 quis
2527 1020 2616 1058 ros
2644 1004 3043 1075 interrogaret-it
3080 1022 3241 1076 quam
3259 1008 3463 1062 sotritis
3486 1010 3737 1081 pullum,

2134 1088 2295 1144 dicite
2346 1091 2395 1144 ei
2447 1093 2573 1161 quia
2627 1093 2881 1148 Dentium
2929 1097 3280 1149 necessarium
3329 1097 3484 1151 illum
3533 1101 3732 1161 habet.

2133 1177 2287 1235 Multi
2339 1192 2496 1238 erant
2544 1182 2751 1238 domini
2793 1184 2956 1254 hujus
2991 1186 3123 1256 pulli
3153 1188 3230 1258 (8)
3262 1198 3555 1260 antequam
3590 1193 3731 1247 Sal-

2133 1281 2290 1327 vator
2329 1289 2455 1328 eum
2506 1273 2731 1330 haberet
2781 1277 3150 1333 necessarium
3202 1297 3217 1333 :
3260 1290 3548 1351 postquam
3579 1299 3729 1338 vero

2133 1363 2224 1418 ille
2254 1363 2420 1434 erepit
2446 1380 2568 1421 esse
2593 1363 2869 1431 dominus,
2916 1367 3101 1437 plures
3131 1368 3339 1425 domini
3374 1387 3495 1428 esse
3521 1389 3725 1430 cessa-

2131 1461 2347 1509 verunt.
2386 1453 2560 1509 Nemo
2589 1456 2735 1510 enim
2773 1465 2951 1526 potest
2980 1456 3090 1511 Deo
3120 1459 3328 1533 servire
3353 1472 3407 1515 et
3435 1477 3726 1517 mammo-

2132 1559 2238 1599 nae.
2308 1543 2540 1610 Quando
2586 1545 2806 1600 malitia:
2849 1545 3234 1611 servierimus,
3288 1548 3476 1604 multis
3515 1566 3723 1608 sumus

2132 1634 2483 1704 passionibus
2505 1634 2760 1705 vitiisque
2791 1634 3038 1705 subjecti.
3071 1636 3312 1692 Solvitur
3337 1654 3470 1710 ergo
3500 1643 3717 1710 pullus.

2132 1724 2259 1790 quia
2308 1720 2575 1779 Dominus
2619 1724 2985 1778 necessariqu
3034 1740 3160 1779 cum
3200 1727 3379 1783 habet.
3438 1728 3548 1786 Vos
3573 1733 3719 1788 estis

2134 1813 2313 1881 pullus
2355 1814 2552 1882 asinre,
2607 1815 2737 1884 quid
2787 1817 2952 1869 vestri
2988 1815 3156 1872 Filius
3199 1817 3292 1873 Dei
3337 1825 3718 1880 necessarium

2131 1901 2338 1957 habet?
2370 1906 2497 1973 quid
2527 1922 2559 1961 a
2591 1908 2744 1962 vobis
2768 1910 3005 1978 expetit?
3036 1912 3210 1966 salute
3234 1923 3410 1967 vestra
3433 1929 3569 1982 opus
3604 1915 3713 1968 ha-

2131 1992 2254 2057 hct,
2305 1995 2456 2063 cupit
2506 2011 2605 2051 vos
2650 1994 2787 2052 solvi
2821 1999 3053 2054 vinculis
3084 2011 3453 2070 peccatorum.
3503 2003 3713 2060 Deinde

2131 2081 2357 2137 mittunt
2391 2084 2643 2155 discipuli
2685 2099 2860 2143 vestes
2894 2105 3022 2144 suas
3053 2106 3217 2160 super
3241 2093 3489 2162 asinum,
3530 2104 3585 2150 et
3618 2111 3713 2151 se-

2130 2172 2259 2227 dere
2283 2171 2491 2230 Iaciunt
2517 2175 2875 2233 Salvatorem.
2925 2181 3223 2236 Assumunt
3251 2198 3555 2240 sermonem
3582 2185 3707 2254 Dei,

2129 2272 2184 2319 et
2212 2263 2501 2333 imponunt
2527 2282 2653 2322 eum
2683 2283 2846 2338 super
2889 2270 3101 2328 animas
3129 2273 3463 2330 auditorum.
3525 2274 3708 2332 Vesti-

2129 2353 2234 2410 bus
2263 2369 2561 2436 exuuntur,
2611 2359 2968 2416 substernunt
3007 2376 3101 2418 eas
3146 2362 3355 2420 in'via.
3392 2363 3565 2436 Super
3597 2382 3704 2425 nos

2129 2455 2261 2502 sunt
2305 2430 2630 2504 vestimenta
2676 2453 3046 2522 apostolorum
3080 2472 3093 2509 :
3127 2469 3288 2524 opera
3316 2471 3502 2511 eorum
3532 2459 3700 2527 bona,

2128 2547 2450 2594 ornamenta
2494 2549 2683 2596 nostra
2711 2552 2860 2608 sunt,
2889 2544 3077 2600 volunt
3115 2546 3345 2615 θροειοιὶ
3381 2549 3699 2606 indumenta

2127 2644 2227 2686 sua
2258 2629 2459 2686 calcari
2496 2646 2530 2688 a
2569 2633 2750 2688 nobis.
2790 2633 2858 2689 Et
2898 2651 3082 2691 γει-θαι
3109 2637 3324 2693 solutus
3353 2655 3383 2694 a
3415 2641 3698 2711 discipulis

2125 2719 2336 2785 asinus,
2369 2727 2426 2775 et
2455 2730 2682 2792 portans
2712 2720 2900 2780 Jesum
2920 2764 2936 2792 ,
2967 2725 3156 2782 incidit
3188 2742 3350 2799 super
3371 2730 3694 2788 vestimenta

2125 2810 2496 2882 apostolorum
2517 2853 2533 2880 ,
2569 2815 2789 2885 quando
2817 2816 3120 2872 doctrinam
3147 2834 3337 2876 eorum
3369 2822 3613 2878 imitatur
3639 2835 3694 2881 et

2124 2903 2315 2958 vitam.
2373 2901 2517 2972 Quis
2539 2913 2786 2960 nostrum
2832 2907 2905 2962 ita
2949 2908 3139 2964 beatus
3164 2919 3266 2976 est,
3302 2922 3363 2967 ut
3391 2913 3691 2970 sedeatsu-

2124 3007 2220 3062 per
2244 2992 2393 3047 illum
2424 2990 2628 3065 Jesus?
2683 2992 2786 3061 Qui
2812 2997 3051 3065 quandiu
3092 2999 3147 3050 in
3184 3006 3371 3055 monte
3405 2998 3538 3067 fuit,
3562 3015 3688 3055 cum

2123 3080 2240 3137 suis
2268 3081 2528 3152 apostolis
2555 3084 2869 3137 morabatur
2901 3102 2919 3141 ε
2954 3086 3173 3154 quando
3201 3101 3331 3143 rem
3368 3090 3531 3159 erepit
3557 3090 3688 3144 viei-

2123 3184 2229 3224 nus
2274 3184 2397 3225 esse
2444 3171 2753 3237 descensui,
2785 3182 2896 3228 ttnn
2920 3175 3154 3230 occurrit
3188 3175 3238 3229 ei
3272 3178 3430 3232 turba
3466 3180 3689 3249 populo-

2120 3274 2264 3314 rum.
2305 3256 2363 3315 Si
2388 3276 2496 3315 non
2521 3262 2757 3317 venisset
2783 3264 2849 3316 ad
2882 3263 3228 3340 descensum,
3259 3282 3366 3322 non
3398 3270 3444 3323 ei
3473 3280 3689 3339 poterat

2119 3364 2406 3406 occurrere
2432 3350 2740 3407 multitudo.
2780 3350 3087 3420 Descendit,
3116 3356 3357 3426 seditque
3382 3373 3544 3428 super
3568 3362 3688 3428 pul-

2120 3439 2230 3493 lum
2257 3439 2446 3509 asiam,
2475 3450 2529 3496 et
2553 3443 2735 3497 omnis
2758 3444 2990 3514 populus
3015 3462 3147 3501 voce
3172 3463 3405 3504 consona
3427 3449 3687 3510 laudabat

2119 3528 2309 3584 Deum.
2342 3528 2499 3597 Quod
2531 3531 2789 3588 Pbariswi
2827 3535 3091 3602 videntes,
3127 3538 3377 3595 dicebant
3399 3540 3630 3598 Domino
3665 3563 3683 3602 ς

2120 3619 2344 3692 Increpa
2391 3640 2497 3677 eos.
2549 3623 2758 3689 Quibus
2802 3627 2890 3682 ille
2934 3629 3212 3698 respondit
3252 3649 3265 3684 :
3299 3630 3359 3686 St
3385 3633 3476 3687 isti
3508 3644 3686 3690 tacue-

2119 3713 2260 3778 rint,
2302 3712 2504 3782 lapides
2543 3713 2708 3785 977
2738 3717 3062 3775 clamabunt.
3120 3720 3349 3787 Quando
3380 3739 3482 3779 nos
3513 3725 3683 3796 loqui-

2100 3816 2270 3870 ‘nntr,
2314 3804 2522 3874 lapides
2552 3807 2715 3861 silent
2741 3825 2755 3861 :
2786 3809 3004 3876 quando
3035 3826 3136 3867 nos
3166 3821 3441 3881 tacemus,
3480 3814 3682 3884 lapides

2116 3895 2369 3951 clamant.
2432 3895 2617 3952 Potest
2665 3900 2810 3953 enim
2859 3899 3121 3959 Dominus
3154 3903 3222 3957 de
3247 3904 3516 3974 lapidibus
3564 3906 3680 3962 istis

2115 3987 2385 4042 suscitare
2427 3989 2569 4044 ﬁlios
2603 3990 2838 4046 Abrahae
2859 3992 2928 4046 ⁸ο.
2990 3994 3108 4058 Quo
3144 4002 3384 4063 tempore
3414 4011 3511 4052 nos
3540 4007 3680 4053 tace-

2115 4076 2327 4134 bimus?
2342 4077 2572 4145 Quando
2590 4082 2861 4137 refrixerit
2877 4082 3115 4137 charitas
3133 4084 3449 4151 tnultorum,
3464 4089 3677 4158 quando

2114 4168 2245 4223 illud
2278 4171 2421 4240 quod
2447 4187 2475 4224 a
2509 4171 2792 4226 Salvatore
2831 4174 3177 4242 praedicatum
3206 4183 3328 4241 est,
3375 4175 3540 4231 fuerit
3575 4177 3675 4231 int-

2110 4260 2313 4330 pletqu
2347 4281 2360 4317 :
2397 4261 2568 4316 Putas
2594 4267 2798 4320 veniens
2825 4266 3005 4322 Fiiius
3027 4269 3253 4324 hominis
3280 4272 3498 4327 inveniet
3516 4273 3674 4341 ﬁdem

2113 4369 2271 4421 super
2303 4363 2498 4409 terram
2528 4356 2613 4413 ⁸⁸2
2660 4356 2950 4429 Propterea
2991 4360 3209 4417 Domini
3249 4363 3671 4421 misericordiam

2112 4444 2485 4514 deprecemur.
2503 4463 2589 4514 ne,
2614 4449 2771 4504 nobis
2789 4451 3112 4516 tacentibus,
3133 4453 3339 4522 lapides
3364 4454 3672 4524 clamitent;

2113 4536 2207 4591 sed
2232 4536 2521 4607 loquamur
2551 4549 2604 4594 et
2628 4539 2911 4596 laudemus
2934 4540 3101 4598 Deum
3137 4543 3190 4598 in
3221 4542 3400 4611 Patre,
3433 4554 3488 4601 et
3516 4544 3673 4611 Filio.

2109 4634 2163 4680 et
2194 4624 2395 4694 Spiritu
2425 4639 2615 4683 sancto
2647 4629 2773 4684 :cui
2803 4639 2886 4685 cst
2906 4630 3077 4702 gloria
3100 4642 3156 4688 et
3180 4633 3468 4705 imperium
3493 4636 3550 4692 in
3578 4650 3677 4693 sa:-

2111 4719 2234 4773 cula
2267 4721 2613 4775 saeculorum.
2653 4722 2845 4775 Amen.

2592 4810 2880 4867 IIOMILIA
2916 4813 3204 4872 XXXVIII.

2111 4900 2190 4956 De
2228 4919 2289 4957 eo
2331 4903 2478 4986 quod.
2502 4904 2766 4986 scriptum
2797 4915 2875 4960 est
2902 4922 2921 4960 :
2953 4924 2998 4986 s_
3012 4906 3145 4986 cum
3187 4918 3361 4963 autem
3391 4913 3675 4981 appropin—

2175 4983 2406 5059 quasset,
2429 4973 2558 5059 uidit
2583 4973 2867 5059 civitatein,
2889 4986 2939 5030 et
2959 4977 3100 5059 ﬂeuit
3118 4994 3282 5059 super
3307 4973 3487 5046 eam,'s
3515 4973 3675 5059 idque

2172 5041 2242 5096 ad
2287 5059 2404 5096 eum
2449 5041 2624 5096 locum
2651 5043 2740 5098 ubi
2771 5046 2848 5098 ait
2875 5060 2894 5099 .'
2930 5041 3153 5111 t'Eiecit
3190 5041 3369 5103 omnes
3403 5041 3672 5106 uendentes

2181 5112 2472 5166 columbas.
2513 5131 2533 5165 s
2576 5113 2710 5183 Cap.
2738 5130 2853 5170 ιιι.

2182 5201 2314 5257 Cum
2347 5204 2813 5273 appropinquasset
2849 5203 3148 5261 Jerusaiem
3189 5204 3446 5262 Dominus
3472 5215 3667 5275 noster,

2313 5365 2355 5397 "
2387 5361 2520 5420 Luc.
2554 5380 2720 5432 svnt,
2756 5363 2813 5421 8.

2176 5518 2255 5597 (ξ)
2294 5516 2791 5597 Recolcnda_pujus
2826 5516 2931 5572 loci
2966 5514 3662 5597 Hierottymianaexpositic

2105 5589 2160 5644 in
2186 5584 2480 5644 'Ctmtmcnt.
2512 5590 2566 5641 in
2594 5584 2929 5644 Matthatstm.
2983 5601 3100 5659 quae
3126 5584 3318 5642 iisdem
3342 5584 3501 5656 plane
3527 5600 3661 5643 cou-

2105 5660 2307 5714 tesitur
2331 5658 2602 5714 sensibus.
