4084 6302
370 383 499 440 1897

1546 385 1620 439 1N
1661 385 1893 442 LUCAM
1930 385 2215 441 IIOMILIA
2258 387 2493 441 XXXIX.

3489 386 3624 440 LER

361 499 548 552 νδιίεηε
579 511 694 553 eam
734 496 874 566 [ιευῑι
897 538 911 563 ν
959 506 1007 551 ει
1049 496 1187 550 (ii-1'51
1217 513 1233 549 -'
1269 494 1327 549 Si
1355 512 1687 566 ευθιιοδτθνω
1727 508 1773 551 ει
1806 507 1861 550 tu
1888 498 1943 550 in
1972 502 2020 559 Δ
2048 498 2177 553 riosi
2205 499 2321 562 tilii,
2355 499 2447 568 qui
2479 496 2842 553 substantiam
2872 512 3028 551 suam
3064 496 3273 566 accepit
3306 512 3336 552 a
3370 510 3545 566 patre,
3573 506 3625 550 t-t

365 592 450 644 die
472 590 577 643 ista
609 606 726 659 qua:
754 592 822 642 ad
848 604 1029 658 parem
1057 597 1176 641 sunt
1208 587 1304 642 tibi
1325 605 1342 653 ;
1369 604 1505 642 nunc
1528 600 1701 643 autem
1727 590 1947 644 abscon-

367 686 482 739 dita
512 694 634 739 sunt
668 685 734 738 ab
762 683 930 737 oculis
964 684 1070 736 tuis
1088 725 1104 748 ,
1147 683 1398 753 quoniam
1427 684 1629 736 venient
1658 684 1770 737 dies
1793 699 1947 752 super

370 784 437 835 te.
468 786 516 827 et
551 774 955 828 circumdabant
980 784 1028 827 te
1051 775 1253 827 inimici
1280 774 1359 828 tui
1393 773 1552 828 rallo.
1595 772 1945 828 Sacramenta

369 878 494 922 sunt
547 882 667 934 qum
708 864 1001 931 dicuntur,
1052 875 1106 919 et
1158 881 1479 935 speramus,
1516 868 1783 935 pandente
1808 864 1941 928 Deo,

370 955 580 1022 aperire
622 968 783 1022 posse
833 954 977 1023 quod
1029 954 1228 1008 latitat.
1287 952 1530 1008 Primum
1561 970 1690 1024 ergo
1721 955 1788 1008 de
1816 957 1942 1008 ﬂetu

363 1047 486 1116 ejus
512 1045 1042 1101 videndum.0mnes
1065 1047 1427 1104 beatitudines
1457 1063 1594 1117 quas
1626 1048 1839 1102 locutus
1858 1056 1942 1101 est

367 1137 423 1193 in
452 1139 744 1210 Evange‘lio
774 1137 956 1202 Jesus,
980 1154 1081 1194 suo
1109 1138 1291 1193 ﬁrmat
1312 1140 1580 1210 exemplo,
1605 1147 1659 1191 et
1682 1139 1823 1208 quod
1854 1137 1945 1190 do-

362 1231 503 1294 cuit,
539 1246 637 1299 pro
665 1231 979 1285 testimonio
1008 1231 1221 1298 probat.
1273 1230 1461 1298 Beati,
1521 1231 1697 1300 inquit
1727 1230 1773 1263 ⁸²
1794 1270 1808 1294 ,
1845 1229 1944 1282 mi-

373 1333 467 1379 tes.
529 1321 664 1376 Huic
698 1322 876 1376 simile
919 1329 1004 1377 est
1049 1322 1116 1376 de
1158 1322 1452 1391 semetipso
1494 1340 1508 1375 :
1542 1321 1739 1375 Discite
1775 1338 1806 1373 a
1833 1337 1933 1383 me,

363 1412 612 1480 quoniam
636 1411 781 1463 mitis
801 1426 920 1463 sum
943 1410 1011 1463 ⁸³.
1037 1409 1192 1464 Beati
1211 1412 1425 1482 paciﬁci
1445 1411 1491 1444 °‘
1520 1430 1533 1466 :
1564 1421 1617 1466 et
1648 1410 1772 1480 quis
1802 1410 1942 1465 alius

362 1504 440 1556 ita
472 1503 753 1572 pacificus,
790 1510 849 1557 ut
894 1500 1159 1557 Dominus
1202 1518 1358 1558 meus
1389 1502 1569 1568 Jesus,
1603 1503 1695 1570 qui
1725 1512 1807 1556 est
1837 1517 1938 1571 pax

366 1601 551 1647 nostra
571 1633 586 1657 ,
610 1592 703 1661 qui
732 1592 895 1646 solvit
923 1592 1265 1647 inimicitiam
1288 1633 1301 1656 ,
1346 1602 1399 1647 et
1426 1594 1478 1648 in
1512 1609 1610 1647 sua
1635 1609 1754 1647 eam
1779 1608 1942 1648 carne

360 1684 671 1738 destruxit?
694 1682 847 1737 Beati
869 1683 961 1753 qui
981 1685 1392 1752 persecutionem
1419 1685 1702 1753 patiuntur
1730 1693 1941 1753 propter

362 1774 626 1840 iustitiam
664 1774 733 1826 ⁸⁸.
790 1772 960 1829 Nemo
1004 1775 1087 1829 sic
1138 1777 1572 1844 persecutionem
1617 1791 1813 1845 passus
1858 1786 1942 1830 est

364 1875 587 1934 propter
607 1864 880 1935 justitiam
901 1905 917 1930 ,
955 1874 1015 1919 ut
1037 1864 1299 1921 Dominus
1324 1864 1484 1921 Jesus
1504 1906 1519 1931 ,
1551 1868 1643 1936 qui
1682 1883 1779 1937 pro
1810 1883 1939 1937 pee-

363 1957 503 2011 eatis
537 1955 740 2012 nostris
777 1955 1075 2011 crucifixus
1118 1965 1222 2011 est.
1280 1954 1483 2013 Omnes
1515 1959 1681 2029 igitur
1709 1959 1939 2013 beatitu-

360 2049 518 2104 dines
549 2048 603 2102 in
637 2048 931 2117 semetipso
960 2048 1225 2104 Dominus
1255 2050 1515 2104 ostendit.
1556 2050 1635 2103 Ad
1672 2067 1836 2120 quam
1864 2052 1939 2106 si-

364 2140 728 2194 militudinem
775 2139 939 2194 etiam
990 2139 1120 2194 illud
1166 2141 1313 2210 quod
1343 2142 1589 2206 dixerat,
1624 2141 1778 2195 Beati
1808 2143 1940 2211 [len-

361 2240 441 2284 tes
473 2232 520 2264 “
539 2271 555 2295 ,
592 2232 708 2301 ipse
729 2230 879 2285 ﬂevit
898 2269 912 2293 ,
940 2240 1004 2285 ut
1033 2230 1197 2300 lmjus
1225 2246 1445 2302 quoque
1467 2232 1823 2287 beatitudinis
1847 2233 1937 2301 ja—

360 2330 508 2375 eeret
549 2320 923 2376 fundamenta.
986 2319 1159 2376 Flevit
1197 2330 1378 2376 autem
1422 2338 1584 2392 super
1611 2321 1935 2388 Jerusalem,

360 2411 548 2467 dicens
605 2429 619 2465 :
670 2410 730 2466 Si
759 2418 1083 2483 cognouisses
1112 2425 1158 2469 et
1191 2426 1249 2470 tu
1273 2416 1329 2468 in
1358 2415 1446 2469 die
1481 2417 1586 2468 ista
1607 2432 1723 2485 qua:
1749 2417 1818 2469 ad
1843 2433 1940 2486 pa-

360 2517 472 2555 cein
506 2512 631 2557 sunt
678 2503 796 2571 tibi,
843 2521 984 2559 nunc
1007 2516 1181 2559 autem
1206 2504 1515 2559 abscondita
1535 2517 1657 2560 sunt
1683 2507 1747 2559 ab
1768 2508 1939 2561 oculis

359 2594 489 2658 tuis,
543 2603 598 2649 et
639 2595 868 2665 reliqua,
914 2610 1090 2665 usque
1126 2596 1194 2651 ad
1223 2612 1346 2651 eum
1379 2597 1557 2650 locum
1584 2596 1674 2650 ubi
1699 2597 1777 2652 ait
1811 2615 1823 2651 :
1859 2595 1938 2650 Eo

359 2686 499 2756 quod
544 2702 646 2740 non
693 2689 991 2757 cognoveris
1017 2697 1217 2756 tempus
1243 2688 1574 2742 uisitationis
1609 2698 1734 2743 tute.
1788 2689 1941 2743 Dicat

363 2779 567 2847 aliquis
616 2778 928 2832 audito:qu
974 2796 989 2833 :
1025 2777 1304 2833 Manifesta
1340 2786 1469 2833 sunt
1499 2794 1621 2848 quae
1663 2779 1938 2841 dicuntur,

360 2877 413 2922 et
439 2882 603 2937 Opere
637 2868 901 2936 cornpleta
931 2867 998 2921 de
1026 2865 1350 2922 Jerusalem.
1390 2866 1761 2923 Cireumdedit
1786 2866 1934 2921 enim

359 2977 483 3015 eam
517 2960 801 3016 Romanus
821 2960 1116 3025 exercitus,
1140 2968 1195 3014 et
1222 2960 1288 3015 ad
1315 2960 1738 3015 internecionem
1767 2976 1941 3032 usque

360 3052 617 3116 vastavit,
647 3060 968 3122 tempusque
998 3051 1176 3106 veniet
1204 3051 1425 3122 quando
1453 3052 1591 3121 lapis
1613 3068 1777 3123 super
1804 3052 1939 3123 lapi-

2050 588 2302 644 uuiversa
2357 589 2591 658 perdidit
2638 588 2804 645 nimie
2851 588 3089 657 potando
3116 587 3182 640 ⁸⁸.
3245 588 3302 642 Si
3330 588 3456 657 quis
3494 602 3622 655 ergo

2052 677 2266 742 vendit,
2299 676 2550 745 ejieitur,
2588 676 2860 746 praecipue
2905 675 2950 729 si
3000 675 3264 731 vendebat
3315 677 3618 730 columbas.

2047 766 2228 831 Quare
2281 769 2418 822 alias
2465 783 2593 822 aves
2636 783 2744 822 non
2781 768 2961 838 posuit
2994 769 3099 823 nisi
3142 768 3462 823 columbas?
3510 767 3622 823 llne

2047 857 2248 912 animal
2295 858 2520 928 simplex
2548 867 2633 913 est
2656 900 2671 926 ,
2724 870 2780 914 et
2808 859 3088 914 decorum.
3150 858 3350 914 Vereor
3380 875 3447 913 ne
3482 868 3531 911 rt
3566 859 3620 911 in

2048 948 2204 1003 nobis
2228 948 2417 1003 vitiant
2451 950 2610 1005 istius
2635 950 2779 1004 modi
2802 950 3256 1021 deprehendatur.
3299 951 3356 1005 Si
3379 951 3523 1006 enim
3555 968 3618 1005 ia

2045 1054 2168 1108 quae
2194 1038 2325 1093 mihi
2354 1056 2382 1093 a
2411 1051 2601 1095 sancto
2630 1039 2836 1110 Spiritu
2863 1042 3098 1097 revelata
3124 1054 3278 1107 sunt,
3308 1051 3362 1097 et
3388 1042 3617 1108 credita,

2048 1139 2107 1183 ut
2133 1131 2183 1184 in
2212 1130 2406 1202 vulgus
2434 1132 2705 1197 eﬂerrem,
2757 1134 2931 1203 pretio
2979 1134 3296 1201 vendidero,
3325 1146 3379 1191 et
3411 1136 3619 1205 absque

2046 1220 2293 1275 mercede
2325 1236 2431 1274 non
2458 1221 2718 1288 docuero,
2741 1223 2870 1292 quid
2906 1224 3051 1278 aliud
3083 1224 3246 1291 facio,
3273 1225 3379 1280 nisi
3405 1225 3618 1281 colum-

2045 1313 2162 1376 bas,
2198 1313 2249 1367 id
2299 1323 2383 1368 est
2413 1312 2676 1383 Spiritum
2720 1325 2967 1371 sanetum
3014 1317 3232 1371 vendo?
3286 1316 3457 1384 Quem
3488 1332 3615 1372 cum

2045 1404 2359 1467 vendidero,
2392 1404 2584 1474 ejicior
2607 1405 2674 1461 de
2707 1408 2908 1477 templo
2932 1406 3047 1463 Dei.
3088 1406 3429 1479 Quapropter
3456 1424 3613 1477 roge-

2042 1511 2167 1549 mus
2193 1494 2507 1563 Dominum,
2528 1505 2587 1551 ut
2609 1513 2800 1553 omnes
2821 1514 3071 1556 emamus
3100 1501 3281 1570 potius
3308 1517 3473 1571 quam
3500 1517 3620 1555 ven-

2043 1586 2260 1641 damus.
2294 1586 2354 1641 Si
2381 1586 2527 1642 enim
2564 1603 2674 1643 non
2702 1589 3131 1655 vendiderimus,
3156 1593 3537 1663 cognoscimus
3564 1601 3620 1646 et

2044 1677 2396 1748 intelligimus
2419 1678 2652 1734 salutem
2681 1690 2923 1736 nostram
2961 1699 2975 1736 :
3009 1682 3248 1752 alioquin
3286 1683 3491 1737 inimici
3518 1681 3621 1738 cir-

2043 1769 2377 1823 cumdabant
2437 1771 2625 1825 urbem
2677 1782 2939 1827 nostram.
3013 1771 3168 1840 Quod
3213 1775 3258 1829 si
3300 1775 3467 1829 semel
3513 1790 3617 1830 nos

2040 1862 2314 1916 exercitus
2339 1862 2552 1918 hostilis
2578 1863 2846 1927 cinxerit,
2882 1864 3149 1935 lacrymas
3180 1864 3272 1919 Dei
3301 1881 3408 1919 non
3438 1882 3613 1920 mere-

2041 1952 2242 2007 bimnr.
2279 1952 2581 2022 Surgamus
2604 1969 2736 2024 ergo
2758 1954 3021 2019 diluculo,
3048 1964 3102 2011 et
3130 1957 3483 2011 ohsecremus
3509 1955 3614 2010 Do-

2044 2042 2274 2109 minum,
2302 2053 2362 2098 ut
2387 2044 2575 2099 saltem
2605 2044 2775 2100 micas
2799 2061 2920 2115 quae
2943 2045 3010 2100 de
3036 2061 3224 2102 mensa
3246 2047 3368 2116 ejus
3389 2047 3618 2110 cadunt,

2041 2134 2325 2189 comedere
2356 2136 2653 2204 possimus.
2712 2136 2937 2191 Miratur
2982 2137 3262 2209 Scriptura
3289 2138 3334 2170 ⁸⁸
3371 2139 3609 2207 reginam

2044 2223 2184 2279 Saba
2213 2227 2426 2281 venisse
2474 2226 2542 2281 ab
2592 2235 2839 2282 extremo
2886 2239 3045 2283 terra:
3069 2228 3258 2282 audire
3293 2229 3598 2297 sapientiai!

2044 2314 2353 2371 Salomonis
2382 2333 2400 2372 :
2428 2332 2549 2387 quae
2579 2333 2703 2372 cum
2734 2317 2960 2375 vidisset
2993 2319 3314 2389 prandium,
3343 2327 3397 2373 et
3433 2319 3616 2388 supel-

2042 2406 2274 2461 lectilem
2298 2446 2312 2470 ,
2352 2416 2405 2461 et
2434 2408 2738 2463 ministeria
2780 2409 2974 2465 domus
3001 2411 3153 2479 ejus,
3200 2410 3516 2473 obstupuit,
3561 2420 3617 2464 et

2044 2506 2157 2551 tota
2191 2495 2244 2550 in
2273 2498 2544 2553 miraculo
2572 2498 2692 2553 fuit.
2755 2497 2866 2554 Nos
2905 2499 2949 2554 si
2993 2508 3173 2556 tantas
3198 2499 3409 2555 Domini
3444 2502 3617 2554 uestri

2042 2604 2206 2659 opes,
2241 2599 2444 2644 tantam
2478 2591 2749 2647 sermonis
2797 2593 3184 2663 supellectilem
3210 2634 3225 2655 ,
3257 2605 3310 2648 et
3334 2593 3617 2648 abundan-

2045 2681 2173 2736 tiam
2198 2682 2572 2739 doetrinarum
2600 2700 2707 2738 non
2732 2685 2963 2740 libenter
2994 2685 3394 2756 amplectimur,
3426 2686 3472 2740 si
3507 2702 3614 2740 non

2043 2775 2379 2830 comedimus
2404 2791 2598 2845 panem
2628 2776 2771 2843 vitae,
2800 2776 2845 2831 si
2878 2792 2985 2832 non
3010 2777 3270 2832 carnibus
3297 2777 3500 2831 Christi
3536 2793 3617 2828 ve-

2044 2864 2250 2921 seimur
2272 2904 2288 2930 ,
2322 2875 2374 2920 et
2400 2881 2594 2921 cruore
2620 2877 2905 2936 putamur;
2936 2867 2981 2923 si
3016 2867 3417 2923 contemnimus
3449 2870 3617 2936 dapes

2044 2955 2346 3011 Salvatoris
2372 2957 2567 3022 nostri,
2590 2959 2732 3013 scire
2756 2958 3022 3014 debemus
3051 2958 3197 3028 quod
3230 2960 3424 3013 habeat
3450 2957 3615 3025 Deus,

2043 3056 2098 3101 et
2125 3047 2536 3117 benignitatem,
2563 3056 2618 3102 et
2650 3049 3015 3104 severitatem.
3074 3049 3117 3104 E
3139 3050 3339 3119 quibus
3369 3050 3614 3119 benigni-

359 3142 482 3197 dem
514 3156 622 3196 non
653 3142 991 3212 relinquetur
1018 3158 1181 3212 super
1209 3158 1353 3197 eam.
1394 3141 1512 3197 Non
1544 3158 1682 3212 nego
1713 3155 1766 3197 ct
1791 3144 1935 3197 illam
1965 3173 2009 3230 ο
2045 3145 2207 3191 tatem
2254 3137 2375 3207 ejus
2406 3138 2580 3208 magis
2622 3154 2781 3194 orare
2813 3140 3105 3207 debemus,
3155 3142 3207 3195 in
3239 3143 3454 3196 Christo
3485 3141 3615 3197 Jesu

358 3232 577 3301 quidem
612 3230 913 3286 Jerusalem
949 3238 1168 3299 propter
1204 3229 1569 3284 habitatorum
1610 3230 1814 3284 scelera
1850 3228 1934 3281 fu-

362 3325 470 3379 isse
500 3326 858 3388 destructam,
908 3324 1001 3377 sed
1028 3337 1219 3393 quer
1260 3322 1306 3377 si
1343 3331 1398 3377 et
1427 3322 1493 3376 ad
1520 3323 1659 3377 hanc
1687 3332 1933 3375 nostram

355 3415 657 3472 Jerusalem
693 3415 852 3470 ﬂetus
901 3414 1005 3470 iste
1057 3414 1341 3483 pertineat.
1406 3412 1517 3467 Nos
1560 3413 1703 3467 enim
1742 3428 1935 3467 sumus

355 3506 659 3562 Jerusalem
681 3521 803 3575 qua:
826 3504 1076 3568 deﬂetur,
1096 3504 1190 3571 qui
1221 3503 1378 3556 nobis
1405 3501 1654 3555 videmur
1677 3502 1930 3555 intuitum

272 3632 279 3651 .
358 3598 557 3653 habere
587 3596 872 3666 majorem.
934 3591 1090 3658 Quod
1128 3592 1173 3646 si
1201 3599 1324 3660 post
1358 3592 1618 3661 mysteria
1665 3591 1928 3656 veritatis,

354 3700 482 3760 post
511 3702 818 3745 sermonem
848 3682 1148 3752 Evangelii,
1182 3692 1301 3752 post
1324 3683 1627 3736 doctrinam
1654 3681 1929 3749 Ecclesiae,

356 3791 480 3851 post
505 3779 771 3834 visionem
819 3781 1287 3829 sacramentorum
1316 3771 1458 3841 ejus,
1490 3772 1689 3840 aliquis
1718 3788 1749 3827 e
1773 3772 1932 3826 nobis

355 3868 682 3940 peccaverit,
714 3865 984 3937 plangitur
1013 3873 1178 3933 atque
1208 3862 1385 3917 ﬂetur.
1428 3862 1597 3916 Nemo
1626 3863 1769 3916 enim
1803 3879 1933 3931 gett-

352 3962 467 4017 tilis
517 3962 708 4022 ﬂetur,
758 3959 851 4013 sed
900 3956 989 4010 ille
1035 3955 1127 4024 qui
1162 3954 1261 4008 fuit
1294 3954 1363 4008 de
1392 3953 1726 4017 Jerusalem,
1786 3953 1930 4022 quod

357 4063 479 4122 post
511 4059 731 4122 peccata
755 4046 1098 4103 circumdant
1124 4060 1245 4099 eam
1280 4044 1508 4108 inimici,
1532 4044 1821 4097 contraria:
1854 4043 1931 4096 vi-

354 4144 554 4197 delicet
586 4139 965 4203 fortitudines,
994 4136 1222 4205 spiritus
1248 4150 1504 4204 nequam,
1536 4144 1592 4189 et
1633 4135 1932 4188 immittunt

361 4236 415 4288 in
444 4234 676 4287 circuitu
702 4232 822 4301 ejus
848 4230 1048 4285 vallum
1073 4267 1089 4291 ,
1114 4238 1167 4282 et
1197 4227 1488 4282 obsideant
1516 4241 1636 4280 eam
1659 4267 1674 4289 ,
1709 4237 1763 4279 et
1796 4225 1932 4293 lapi-

352 4326 478 4379 dem
507 4340 670 4393 super
697 4322 927 4391 lapidem
950 4334 1060 4375 non
1089 4320 1401 4387 relinquant
1429 4335 1443 4370 :
1482 4317 1718 4370 maxime
1742 4316 1786 4370 si
1812 4326 1932 4385 post

355 4415 583 4469 multam
614 4413 1002 4467 continentiam
1020 4450 1037 4474 ,
1089 4416 1208 4477 post
1234 4408 1441 4477 aliquot
1465 4421 1641 4461 annos
1663 4406 1930 4461 castitatis

2045 3229 2277 3283 Domino
2302 3238 2488 3285 nostro
2536 3249 2549 3284 :
2602 3232 2689 3285 cui
2712 3241 2797 3287 est
2826 3232 2996 3303 gloria
3031 3243 3084 3287 et
3111 3234 3397 3303 imperium
3414 3234 3478 3322 Iin
3515 3250 3617 3289 sa:-

2041 3321 2162 3376 eula
2193 3322 2541 3377 stcculorum.
2580 3321 2773 3377 Amen.

2496 3434 2663 3505 978
2689 3433 2971 3489 liOMlLlA
3010 3435 3254 3492 XXXIX.

2040 3545 2118 3600 De
2141 3546 2889 3617 quaestionerSadducazorum.
2922 3564 3080 3617 quam
3106 3560 3487 3616 proposuerant
3517 3551 3616 3605 DJ-

2111 3616 2253 3669 mino
2274 3656 2289 3679 ,
2338 3616 2577 3685 mulieris
2621 3617 2733 3685 ejus
2763 3633 2879 3685 qnte
2914 3630 3106 3684 septem
3137 3620 3274 3671 viros
3304 3621 3531 3685 habuit;
3565 3631 3615 3674 et

2108 3701 2293 3757 rursus
2320 3688 2383 3738 de
2397 3684 2614 3739 denario
2639 3683 2788 3753 quem
2812 3687 2912 3739 sibi
2936 3683 3185 3740 Salvator
3201 3689 3367 3757 jussit
3384 3683 3608 3744 ostendi.

2109 3755 2240 3823 Cap.
2274 3769 2363 3806 xx.

2112 3863 2205 3919 Est
2229 3864 2451 3918 hrcresis
2480 3865 2532 3918 in
2556 3862 2780 3930 Judwis,
2800 3882 2921 3935 quur
2940 3868 3142 3922 dicitur
3161 3870 3615 3924 Sadduczeorum:

2040 3956 2155 4010 haec
2182 3955 2635 4009 resurrectionem
2660 3966 3000 4011 mortuorum
3026 3968 3206 4027 ttegat,
3232 3970 3287 4013 et
3313 3968 3470 4030 putat
3502 3962 3617 4013 ani-

2040 4064 2181 4101 mam
2238 4047 2461 4101 interire
2490 4062 2615 4101 eum
2652 4062 2900 4118 corpore,
2928 4065 3026 4104 nec
3055 4061 3177 4119 post
3212 4062 3439 4107 mortem
3472 4056 3612 4107 ultra

2039 4140 2326 4208 respirare.
2371 4138 2536 4207 Igitur
2562 4139 2918 4208 qumstienem
2972 4142 3200 4197 Domino
3225 4155 3608 4216 proponentes,

2035 4239 2465 4300 composuerunt
2507 4230 2750 4285 fabulam
2802 4232 3048 4286 mulieris
3095 4243 3301 4302 septem
3348 4236 3610 4300 virorum,

2036 4337 2160 4391 qua:
2205 4330 2328 4390 post
2370 4321 2607 4390 primum
2639 4323 2818 4376 virum
2850 4323 2919 4377 ad
2957 4324 3391 4378 resuscitandum
3424 4340 3609 4378 semen

2039 4413 2237 4482 prioris
2268 4412 2496 4465 alterum
2524 4413 2740 4467 duxerit
2773 4430 2788 4469 :
2820 4428 2930 4482 quo
2957 4424 3189 4478 mortuo,
3224 4416 3436 4469 tertimn
3469 4434 3609 4494 ιιηιιτ

361 4507 537 4560 vietus
563 4505 690 4574 quis
725 4502 910 4566 fuerit,
946 4498 1438 4568 blandimentisque
1486 4497 1668 4553 carnis
1718 4497 1929 4551 illectus
1961 4514 2003 4569 ῃ
2036 4518 2164 4573 qtte,
2191 4512 2245 4556 et
2267 4518 2484 4556 rursum
2514 4512 2793 4573 quartum,
2847 4514 3011 4574 atque
3037 4505 3090 4559 in
3122 4504 3267 4560 hunc
3294 4508 3514 4560 modum
3544 4509 3609 4560 ad

355 4597 674 4667 patientiam
707 4594 1138 4664 pudicitiamque
1165 4591 1429 4646 amiserit.
1476 4590 1532 4644 Si
1561 4590 1729 4645 fueris
1757 4590 1930 4644 forni-

352 4699 535 4751 catus,
569 4687 802 4757 lapidem
844 4701 1009 4756 super
1037 4684 1266 4753 lapidem
1294 4698 1401 4736 non
1435 4684 1741 4752 relinquent
1766 4699 1930 4753 super

357 4791 430 4833 te.
466 4782 558 4837 Att
585 4793 729 4833 enim
763 4792 820 4831 tn
855 4776 965 4831 alio
997 4775 1119 4830 loco
1148 4775 1192 4807 ⁸⁷
1226 4790 1242 4828 :
1278 4771 1400 4828 Non
1432 4775 1748 4827 recordabar
1788 4774 1930 4843 prio-

356 4886 472 4922 rum
504 4868 843 4937 justitiarum
864 4866 979 4936 ejus
1017 4882 1036 4920 :
1080 4866 1134 4918 in
1163 4875 1373 4933 peccato
1398 4880 1515 4931 suo,
1538 4865 1591 4916 in
1614 4881 1717 4934 quo
1743 4866 1926 4933 depre-

352 4963 543 5015 hemus
589 4959 774 5029 fuerit,
819 4960 874 5011 in
917 4958 1032 5026 ipso
1074 4955 1320 5020 iudicabo
1355 4971 1495 5010 eum.
1537 4954 1659 5009 llzec
1686 4965 1770 5010 est
1799 4971 1930 5025 ergo

357 5068 480 5122 quae
511 5050 738 5105 deﬂetur
757 5047 1079 5103 Jerusalem.
1140 5048 1270 5101 Post
1299 5063 1420 5116 quae
1446 5047 1647 5101 dicitur
1675 5065 1689 5101 :
1723 5045 1931 5117 Ingres-

355 5161 445 5198 sus
477 5152 554 5198 est
582 5141 855 5211 templum.
892 5140 1043 5207 Quod
1074 5156 1190 5192 cum
1220 5138 1406 5208 fuisset
1441 5139 1727 5208 ingressus,
1778 5139 1927 5207 ejecit

350 5251 441 5288 eos
486 5234 576 5303 qui
621 5231 908 5286 vendebant
953 5230 1245 5283 columbas.
1299 5226 1415 5280 Non
1446 5229 1605 5298 ejecit
1640 5238 1921 5294 ementes;

352 5326 448 5394 qui
483 5325 627 5378 enim
654 5334 864 5388 emunt,
919 5331 974 5375 et
1018 5321 1163 5390 quod
1195 5319 1426 5374 emerint
1454 5320 1753 5388 possident.
1808 5320 1929 5374 illos

355 5417 514 5485 t'jt‘cll
546 5416 611 5470 de
637 5415 835 5485 templo
866 5413 1043 5468 Patris
1091 5411 1250 5467 Jesus
1273 5452 1288 5478 ,
1319 5414 1412 5483 qui
1441 5413 1679 5467 vendunt
1705 5423 1760 5467 et
1789 5414 1927 5483 abji-

354 5507 506 5559 ciunt
532 5506 675 5575 quod
706 5505 1026 5565 habuerant.
1065 5504 1117 5556 in
1148 5505 1562 5559 similitudinem
1591 5505 1737 5559 illius
1772 5506 1931 5560 luxu-

447 5600 493 5631 ⁸³
526 5598 713 5652 Matth.
753 5615 785 5651 v
808 5639 823 5663 ,
853 5598 909 5652 5.
1033 5598 1079 5628 ⁸³
1104 5597 1289 5652 Matth.
1318 5614 1394 5661 xr,
1423 5598 1515 5653 ‘29.

356 5668 402 5698 ⁸⁸
435 5668 566 5723 Luc.
596 5684 684 5723 xv.
779 5671 824 5700 “
850 5667 915 5722 lll
950 5666 1081 5737 Reg.
1112 5684 1164 5721 x.
1260 5669 1306 5700 ”
1334 5668 1521 5721 Matth.
1558 5684 1692 5729 xxn.
1715 5672 1805 5737 29,
1836 5675 1923 5729 δυ.

428 5762 503 5830 t9)
543 5758 684 5824 Quin
727 5759 1056 5830 econtrario,
1108 5768 1175 5830 ut
1216 5774 1476 5828 perquam
1514 5763 1722 5816 erudite
1769 5774 1919 5819 notat

359 5828 720 5903 Hieronymus
734 5829 892 5897 epist.
922 5829 1092 5903 75,_ad
1118 5828 1481 5903 Theodoram,
1516 5834 1644 5893 n.2,
1677 5833 1922 5902 Quando,

671 5902 943 5959 PA'I‘ROL.
979 5901 1096 5959 Gn.
1124 5901 1287 5959 Xlll.

1610 5599 1655 5630 ιι
1676 5599 1862 5673 Matth.
1897 5620 1961 5673 ν,
1992 5606 2045 5661 9.

2035 4594 2327 4663 septimum
2376 4606 2549 4660 usque
2586 4603 2924 4660 pervenerat.
2966 4592 3245 4659 Quaeritur
3279 4609 3408 4663 ergo
3435 4593 3487 4646 in
3521 4610 3607 4647 re-

2031 4683 2371 4740 surrectione
2416 4691 2798 4746 mortuorum,
2833 4682 2960 4752 quis
3010 4698 3127 4737 eam
3177 4683 3280 4737 sibi
3327 4698 3357 4737 e
3404 4693 3610 4751 septem

2034 4775 2296 4830 fratribus
2330 4774 2402 4829 sit
2428 4773 2807 4828 vindicaturus
2835 4789 3085 4829 uxorem.
3130 4772 3242 4829 lloe
3268 4783 3450 4830 autem
3488 4790 3611 4843 pro-

2032 4869 2204 4922 blcma
2257 4867 2584 4922 insidiantes
2634 4866 2816 4921 verbis
2864 4865 3196 4933 Salvatoris,
3254 4884 3321 4923 eo
3368 4881 3613 4937 tempore

2031 4968 2464 5030 proposuerunt,
2498 4975 2609 5028 quo
2663 4974 2787 5011 eum
2842 4958 3089 5013 viderant
3118 4959 3185 5013 de
3217 4960 3611 5015 resurrectione

2030 5054 2225 5107 docere
2249 5050 2572 5121 discipulos.
2614 5050 2827 5117 Quibus
2852 5052 3188 5122 respondens
3215 5052 3467 5107 Salvator
3492 5055 3567 5106 ait
3590 5067 3606 5105 :

2037 5144 2272 5209 Erratis,
2317 5144 2602 5197 nescientes
2646 5142 2976 5211 Scripturas,
3020 5162 3180 5214 neque
3224 5147 3466 5198 rirtntem
3493 5144 3608 5198 Dei.

2035 5235 2100 5288 In
2130 5237 2508 5289 resurrectione
2555 5235 2692 5287 enim
2726 5245 3050 5287 mortuorum
3090 5251 3249 5303 neque
3288 5234 3497 5298 nubent,
3524 5249 3611 5286 ne-

2032 5343 2129 5395 que
2154 5325 2435 5391 nubentur,
2465 5324 2553 5378 sed
2579 5333 2731 5377 erant
2758 5325 2894 5376 sicut
2923 5323 3095 5393 angeli
3132 5326 3182 5375 in
3216 5323 3358 5376 car/is
3385 5324 3451 5375 ’°.
3503 5321 3608 5388 Qui

2030 5429 2194 5475 erunt
2228 5419 2369 5473 sicut
2399 5417 2576 5488 angeli
2602 5458 2617 5483 ,
2660 5418 2849 5485 utique
2872 5416 2947 5488 (9)
2977 5416 3151 5485 angeli
3179 5424 3357 5469 erunt.
3406 5415 3609 5468 Simqu

2031 5527 2139 5581 que
2167 5508 2505 5571 discendum,
2532 5508 2677 5576 quod
2711 5507 2886 5576 angeli
2918 5508 3190 5561 connubia
3218 5522 3323 5560 non
3353 5506 3606 5563 habeant.

2150 5603 2194 5637 ⁸⁵
2248 5601 2380 5656 ibid.
2446 5599 2534 5653 10.
2586 5599 2671 5670 ._“
2700 5600 2833 5654 ibid.
2868 5600 2920 5654 Δ.
2998 5600 3263 5653 ⁸⁷Ιὶωςιι.
3302 5612 3464 5660 xvtu,
3515 5597 3589 5653 22

2025 5766 2188 5827 dicit,
2222 5784 2239 5814 ‹
2270 5757 2442 5828 Neque
2470 5760 2662 5814 nubent
2683 5798 2700 5824 ,
2730 5776 2889 5829 neque
2920 5761 3178 5812 nubentur
3198 5799 3213 5821 ,
3335 5759 3424 5809 sed
3452 5769 3609 5813 erant

2032 5834 2168 5887 sicut
2254 5832 2426 5906 angeli
2459 5832 2516 5885 in
2569 5831 2711 5886 caelis
2733 5872 2748 5898 ,
2781 5851 2799 5884 ι
2838 5847 2938 5884 non
2973 5838 3260 5906 notat-amet
3308 5831 3605 5882 substantia

3144 5903 3222 5958 00
