  <div class='ocr_page' id='page_1' title='image "/cluster/home/n/w/nwhite01/storage/ocr_20150623/13/mdp.39015007036059/963.png"; bbox 0 0 4084 6302; ppageno 0'>
   <div class='ocr_carea' id='block_1_1' title="bbox 441 307 579 364">
    <p class='ocr_par' dir='ltr' id='par_1_1' title="bbox 441 307 579 364">
     <span class='ocr_line' id='line_1_1' title="bbox 441 307 579 364; baseline -0.007 0"><span class='ocrx_word' id='word_1_1' title='bbox 441 307 579 364; x_wconf 76' lang='grc'><strong>1899</strong></span> 
     </span>
    </p>
   </div>
   <div class='ocr_carea' id='block_1_2' title="bbox 1883 289 2203 346">
    <p class='ocr_par' dir='ltr' id='par_1_2' title="bbox 1883 289 2203 346">
     <span class='ocr_line' id='line_1_2' title="bbox 1883 289 2203 346; baseline -0.013 0"><span class='ocrx_word' id='word_1_2' title='bbox 1883 289 2203 346; x_wconf 71' lang='lat' dir='ltr'><strong>(IRIGENIS</strong></span> 
     </span>
    </p>
   </div>
   <div class='ocr_carea' id='block_1_3' title="bbox 3578 286 3723 341">
    <p class='ocr_par' dir='ltr' id='par_1_3' title="bbox 3578 286 3723 341">
     <span class='ocr_line' id='line_1_3' title="bbox 3578 286 3723 341; baseline 0.021 -3"><span class='ocrx_word' id='word_1_3' title='bbox 3578 286 3723 341; x_wconf 72' lang='lat' dir='ltr'><strong>I900</strong></span> 
     </span>
    </p>
   </div>
   <div class='ocr_carea' id='block_1_4' title="bbox 440 395 3723 481">
    <p class='ocr_par' dir='ltr' id='par_1_4' title="bbox 440 395 3723 481">
     <span class='ocr_line' id='line_1_4' title="bbox 440 395 3723 481; baseline -0.004 -11"><span class='ocrx_word' id='word_1_4' title='bbox 440 422 542 480; x_wconf 77' lang='lat' dir='ltr'><strong>Hic</strong></span> <span class='ocrx_word' id='word_1_5' title='bbox 587 435 714 475; x_wconf 80' lang='lat' dir='ltr'><strong>vero</strong></span> <span class='ocrx_word' id='word_1_6' title='bbox 764 417 853 473; x_wconf 88' lang='lat' dir='ltr'><strong>ubi</strong></span> <span class='ocrx_word' id='word_1_7' title='bbox 896 429 1079 481; x_wconf 90' lang='lat' dir='ltr'><strong>mors,</strong></span> <span class='ocrx_word' id='word_1_8' title='bbox 1133 423 1185 467; x_wconf 81' lang='lat' dir='ltr'><strong>et</strong></span> <span class='ocrx_word' id='word_1_9' title='bbox 1238 411 1470 481; x_wconf 71' lang='lat' dir='ltr'><strong>nuptiae,</strong></span> <span class='ocrx_word' id='word_1_10' title='bbox 1522 417 1577 464; x_wconf 86' lang='lat' dir='ltr'><strong>et</strong></span> <span class='ocrx_word' id='word_1_11' title='bbox 1622 407 1775 463; x_wconf 82' lang='lat' dir='ltr'><strong>liberi</strong></span> <span class='ocrx_word' id='word_1_12' title='bbox 1827 421 2012 461; x_wconf 76' lang='lat' dir='ltr'><strong>ncces-</strong></span> <span class='ocrx_word' id='word_1_13' title='bbox 2046 412 2087 466; x_wconf 75' lang='grc' dir='ltr'>Α</span> <span class='ocrx_word' id='word_1_14' title='bbox 2116 410 2302 457; x_wconf 86' lang='lat' dir='ltr'><strong>vatore</strong></span> <span class='ocrx_word' id='word_1_15' title='bbox 2325 402 2527 453; x_wconf 87' lang='lat' dir='ltr'><strong>dictum</strong></span> <span class='ocrx_word' id='word_1_16' title='bbox 2556 413 2674 452; x_wconf 86' lang='lat' dir='ltr'><strong>esse</strong></span> <span class='ocrx_word' id='word_1_17' title='bbox 2695 395 3041 466; x_wconf 71' lang='lat' dir='ltr'><strong>simpliciter:</strong></span> <span class='ocrx_word' id='word_1_18' title='bbox 3072 395 3284 452; x_wconf 82' lang='lat' dir='ltr'><strong>Reddite</strong></span> <span class='ocrx_word' id='word_1_19' title='bbox 3307 410 3571 469; x_wconf 77' lang='lat' dir='ltr'><strong>quwsunt</strong></span> <span class='ocrx_word' id='word_1_20' title='bbox 3596 399 3723 455; x_wconf 74' lang='lat' dir='ltr'><strong>Cc-</strong></span> 
     </span>
    </p>
   </div>
   <div class='ocr_carea' id='block_1_5' title="bbox 401 487 2017 578">
    <p class='ocr_par' dir='ltr' id='par_1_5' title="bbox 401 487 2017 578">
     <span class='ocr_line' id='line_1_5' title="bbox 401 487 2017 578; baseline -0.014 -5"><span class='ocrx_word' id='word_1_21' title='bbox 401 487 573 574; x_wconf 34' lang='lat' dir='ltr'><strong>.sarii</strong></span> <span class='ocrx_word' id='word_1_22' title='bbox 618 522 774 578; x_wconf 85' lang='lat' dir='ltr'><strong>sunt;</strong></span> <span class='ocrx_word' id='word_1_23' title='bbox 813 510 956 573; x_wconf 91' lang='lat' dir='ltr'><strong>illic,</strong></span> <span class='ocrx_word' id='word_1_24' title='bbox 1013 507 1102 560; x_wconf 91' lang='lat' dir='ltr'><strong>ubi</strong></span> <span class='ocrx_word' id='word_1_25' title='bbox 1152 504 1565 568; x_wconf 84' lang='lat' dir='ltr'><strong>immortalitas,</strong></span> <span class='ocrx_word' id='word_1_26' title='bbox 1614 515 1715 556; x_wconf 89' lang='lat' dir='ltr'><strong>nec</strong></span> <span class='ocrx_word' id='word_1_27' title='bbox 1761 498 2017 570; x_wconf 84' lang='lat' dir='ltr'><strong>conjugio</strong></span> 
     </span>
    </p>
   </div>
   <div class='ocr_carea' id='block_1_6' title="bbox 442 589 2015 679">
    <p class='ocr_par' dir='ltr' id='par_1_6' title="bbox 442 589 2015 679">
     <span class='ocr_line' id='line_1_6' title="bbox 442 589 2015 679; baseline -0.015 -15"><span class='ocrx_word' id='word_1_28' title='bbox 442 623 582 679; x_wconf 88' lang='lat' dir='ltr'><strong>opus</strong></span> <span class='ocrx_word' id='word_1_29' title='bbox 624 614 745 668; x_wconf 84' lang='lat' dir='ltr'><strong>est,</strong></span> <span class='ocrx_word' id='word_1_30' title='bbox 791 616 892 656; x_wconf 90' lang='lat' dir='ltr'><strong>nec</strong></span> <span class='ocrx_word' id='word_1_31' title='bbox 942 599 1087 653; x_wconf 86' lang='lat' dir='ltr'><strong>ﬁliis.</strong></span> <span class='ocrx_word' id='word_1_32' title='bbox 1141 596 1450 666; x_wconf 89' lang='lat' dir='ltr'><strong>Proponam</strong></span> <span class='ocrx_word' id='word_1_33' title='bbox 1497 592 1629 647; x_wconf 88' lang='lat' dir='ltr'><strong>mihi</strong></span> <span class='ocrx_word' id='word_1_34' title='bbox 1658 589 2015 661; x_wconf 64' lang='lat' dir='ltr'><strong>quaestionem</strong></span> 
     </span>
    </p>
   </div>
   <div class='ocr_carea' id='block_1_7' title="bbox 446 682 2019 759">
    <p class='ocr_par' dir='ltr' id='par_1_7' title="bbox 446 682 2019 759">
     <span class='ocr_line' id='line_1_7' title="bbox 446 682 2019 759; baseline -0.013 -6"><span class='ocrx_word' id='word_1_35' title='bbox 446 698 598 754; x_wconf 85' lang='lat' dir='ltr'><strong>valde</strong></span> <span class='ocrx_word' id='word_1_36' title='bbox 634 694 942 755; x_wconf 89' lang='lat' dir='ltr'><strong>molestam,</strong></span> <span class='ocrx_word' id='word_1_37' title='bbox 975 700 1029 744; x_wconf 90' lang='lat' dir='ltr'><strong>et</strong></span> <span class='ocrx_word' id='word_1_38' title='bbox 1052 704 1175 759; x_wconf 70' lang='lat' dir='ltr'><strong>quae</strong></span> <span class='ocrx_word' id='word_1_39' title='bbox 1202 701 1311 741; x_wconf 90' lang='lat' dir='ltr'><strong>non</strong></span> <span class='ocrx_word' id='word_1_40' title='bbox 1347 685 1504 739; x_wconf 77' lang='lat' dir='ltr'><strong>facile</strong></span> <span class='ocrx_word' id='word_1_41' title='bbox 1527 682 1777 746; x_wconf 85' lang='lat' dir='ltr'><strong>solvitur,</strong></span> <span class='ocrx_word' id='word_1_42' title='bbox 1806 695 1873 735; x_wconf 78' lang='lat' dir='ltr'><strong>ex</strong></span> <span class='ocrx_word' id='word_1_43' title='bbox 1899 693 2019 751; x_wconf 88' lang='lat' dir='ltr'><strong>per-</strong></span> 
     </span>
    </p>
   </div>
   <div class='ocr_carea' id='block_1_8' title="bbox 443 773 2016 852">
    <p class='ocr_par' dir='ltr' id='par_1_8' title="bbox 443 773 2016 852">
     <span class='ocr_line' id='line_1_8' title="bbox 443 773 2016 852; baseline -0.014 -8"><span class='ocrx_word' id='word_1_44' title='bbox 443 804 577 845; x_wconf 89' lang='lat' dir='ltr'><strong>sona</strong></span> <span class='ocrx_word' id='word_1_45' title='bbox 611 799 823 851; x_wconf 89' lang='lat' dir='ltr'><strong>eorum,</strong></span> <span class='ocrx_word' id='word_1_46' title='bbox 873 780 966 852; x_wconf 88' lang='lat' dir='ltr'><strong>qui</strong></span> <span class='ocrx_word' id='word_1_47' title='bbox 990 776 1402 834; x_wconf 33' lang='lat' dir='ltr'><strong>“studiosissimi</strong></span> <span class='ocrx_word' id='word_1_48' title='bbox 1430 773 1839 843; x_wconf 89' lang='lat' dir='ltr'><strong>Scripturarum</strong></span> <span class='ocrx_word' id='word_1_49' title='bbox 1867 777 2016 834; x_wconf 87' lang='lat' dir='ltr'><strong>sunt,</strong></span> 
     </span>
    </p>
   </div>
   <div class='ocr_carea' id='block_1_9' title="bbox 444 856 2015 935">
    <p class='ocr_par' dir='ltr' id='par_1_9' title="bbox 444 856 2015 935">
     <span class='ocr_line' id='line_1_9' title="bbox 444 856 2015 935; baseline -0.014 -1"><span class='ocrx_word' id='word_1_50' title='bbox 444 892 498 934; x_wconf 80' lang='lat' dir='ltr'><strong>et</strong></span> <span class='ocrx_word' id='word_1_51' title='bbox 521 878 609 932; x_wconf 90' lang='lat' dir='ltr'><strong>die</strong></span> <span class='ocrx_word' id='word_1_52' title='bbox 638 890 702 931; x_wconf 87' lang='lat' dir='ltr'><strong>ac</strong></span> <span class='ocrx_word' id='word_1_53' title='bbox 737 882 900 928; x_wconf 91' lang='lat' dir='ltr'><strong>nocte</strong></span> <span class='ocrx_word' id='word_1_54' title='bbox 927 869 1260 927; x_wconf 75' lang='lat' dir='ltr'><strong>meditantur</strong></span> <span class='ocrx_word' id='word_1_55' title='bbox 1293 867 1346 920; x_wconf 93' lang='lat' dir='ltr'><strong>in</strong></span> <span class='ocrx_word' id='word_1_56' title='bbox 1377 865 1495 935; x_wconf 87' lang='lat' dir='ltr'><strong>lege</strong></span> <span class='ocrx_word' id='word_1_57' title='bbox 1522 860 1740 917; x_wconf 87' lang='lat' dir='ltr'><strong>Domini</strong></span> <span class='ocrx_word' id='word_1_58' title='bbox 1766 862 1834 914; x_wconf 82' lang='grc'><strong>⁹¹.</strong></span> <span class='ocrx_word' id='word_1_59' title='bbox 1886 856 2015 923; x_wconf 78' lang='lat' dir='ltr'><strong>Ubi,</strong></span> 
     </span>
    </p>
   </div>
   <div class='ocr_carea' id='block_1_10' title="bbox 442 952 2016 1038">
    <p class='ocr_par' dir='ltr' id='par_1_10' title="bbox 442 952 2016 1038">
     <span class='ocr_line' id='line_1_10' title="bbox 442 952 2016 1038; baseline -0.011 -14"><span class='ocrx_word' id='word_1_60' title='bbox 442 969 721 1038; x_wconf 86' lang='lat' dir='ltr'><strong>inquiunt,</strong></span> <span class='ocrx_word' id='word_1_61' title='bbox 753 964 1017 1033; x_wconf 83' lang='lat' dir='ltr'><strong>scriptum</strong></span> <span class='ocrx_word' id='word_1_62' title='bbox 1048 968 1131 1014; x_wconf 89' lang='lat' dir='ltr'><strong>est</strong></span> <span class='ocrx_word' id='word_1_63' title='bbox 1195 955 1324 1026; x_wconf 86' lang='lat' dir='ltr'><strong>quia</strong></span> <span class='ocrx_word' id='word_1_64' title='bbox 1364 971 1529 1027; x_wconf 85' lang='lat' dir='ltr'><strong>neque</strong></span> <span class='ocrx_word' id='word_1_65' title='bbox 1577 952 1802 1016; x_wconf 79' lang='lat' dir='ltr'><strong>nubent,</strong></span> <span class='ocrx_word' id='word_1_66' title='bbox 1856 967 2016 1022; x_wconf 89' lang='lat' dir='ltr'><strong>neque</strong></span> 
     </span>
    </p>
   </div>
   <div class='ocr_carea' id='block_1_11' title="bbox 445 1041 2018 1114">
    <p class='ocr_par' dir='ltr' id='par_1_11' title="bbox 445 1041 2018 1114">
     <span class='ocr_line' id='line_1_11' title="bbox 445 1041 2018 1114; baseline -0.01 -5"><span class='ocrx_word' id='word_1_67' title='bbox 445 1056 750 1111; x_wconf 76' lang='lat' dir='ltr'><strong>nubenturt</strong></span> <span class='ocrx_word' id='word_1_68' title='bbox 798 1050 933 1106; x_wconf 88' lang='lat' dir='ltr'><strong>Tam</strong></span> <span class='ocrx_word' id='word_1_69' title='bbox 966 1048 1135 1105; x_wconf 76' lang='lat' dir='ltr'><strong>Vetus</strong></span> <span class='ocrx_word' id='word_1_70' title='bbox 1172 1060 1338 1114; x_wconf 87' lang='lat' dir='ltr'><strong>quam</strong></span> <span class='ocrx_word' id='word_1_71' title='bbox 1368 1042 1576 1098; x_wconf 84' lang='lat' dir='ltr'><strong>Novum</strong></span> <span class='ocrx_word' id='word_1_72' title='bbox 1607 1041 2018 1098; x_wconf 81' lang='lat' dir='ltr'><strong>Testamentum</strong></span> 
     </span>
    </p>
   </div>
   <div class='ocr_carea' id='block_1_12' title="bbox 449 1128 2020 1208">
    <p class='ocr_par' dir='ltr' id='par_1_12' title="bbox 449 1128 2020 1208">
     <span class='ocr_line' id='line_1_12' title="bbox 449 1128 2020 1208; baseline -0.011 -8"><span class='ocrx_word' id='word_1_73' title='bbox 449 1145 713 1200; x_wconf 84' lang='lat' dir='ltr'><strong>memoria</strong></span> <span class='ocrx_word' id='word_1_74' title='bbox 759 1158 823 1198; x_wconf 91' lang='lat' dir='ltr'><strong>ac</strong></span> <span class='ocrx_word' id='word_1_75' title='bbox 868 1148 1049 1196; x_wconf 85' lang='lat' dir='ltr'><strong>mente</strong></span> <span class='ocrx_word' id='word_1_76' title='bbox 1080 1138 1449 1208; x_wconf 85' lang='lat' dir='ltr'><strong>perlustrans,</strong></span> <span class='ocrx_word' id='word_1_77' title='bbox 1492 1147 1761 1202; x_wconf 87' lang='lat' dir='ltr'><strong>nusquam</strong></span> <span class='ocrx_word' id='word_1_78' title='bbox 1797 1128 2020 1185; x_wconf 91' lang='lat' dir='ltr'><strong>memini</strong></span> 
     </span>
    </p>
   </div>
   <div class='ocr_carea' id='block_1_13' title="bbox 442 1220 2020 1305">
    <p class='ocr_par' dir='ltr' id='par_1_13' title="bbox 442 1220 2020 1305">
     <span class='ocr_line' id='line_1_13' title="bbox 442 1220 2020 1305; baseline -0.011 -15"><span class='ocrx_word' id='word_1_79' title='bbox 442 1236 553 1290; x_wconf 76' lang='lat' dir='ltr'><strong>tale</strong></span> <span class='ocrx_word' id='word_1_80' title='bbox 583 1233 713 1305; x_wconf 84' lang='lat' dir='ltr'><strong>quid</strong></span> <span class='ocrx_word' id='word_1_81' title='bbox 744 1231 996 1286; x_wconf 89' lang='lat' dir='ltr'><strong>relatum.</strong></span> <span class='ocrx_word' id='word_1_82' title='bbox 1043 1226 1199 1294; x_wconf 86' lang='lat' dir='ltr'><strong>Quod</strong></span> <span class='ocrx_word' id='word_1_83' title='bbox 1230 1225 1276 1280; x_wconf 89' lang='lat' dir='ltr'><strong>si</strong></span> <span class='ocrx_word' id='word_1_84' title='bbox 1300 1223 1439 1278; x_wconf 81' lang='lat' dir='ltr'><strong>forte</strong></span> <span class='ocrx_word' id='word_1_85' title='bbox 1469 1238 1556 1278; x_wconf 90' lang='lat' dir='ltr'><strong>me</strong></span> <span class='ocrx_word' id='word_1_86' title='bbox 1588 1221 1744 1288; x_wconf 78' lang='lat' dir='ltr'><strong>fallit,</strong></span> <span class='ocrx_word' id='word_1_87' title='bbox 1776 1220 1869 1291; x_wconf 90' lang='lat' dir='ltr'><strong>qui</strong></span> <span class='ocrx_word' id='word_1_88' title='bbox 1899 1220 2020 1290; x_wconf 88' lang='lat' dir='ltr'><strong>plus</strong></span> 
     </span>
    </p>
   </div>
   <div class='ocr_carea' id='block_1_14' title="bbox 449 1308 2019 1384">
    <p class='ocr_par' dir='ltr' id='par_1_14' title="bbox 449 1308 2019 1384">
     <span class='ocr_line' id='line_1_14' title="bbox 449 1308 2019 1384; baseline -0.011 -4"><span class='ocrx_word' id='word_1_89' title='bbox 449 1325 598 1381; x_wconf 85' lang='lat' dir='ltr'><strong>novit</strong></span> <span class='ocrx_word' id='word_1_90' title='bbox 618 1322 829 1378; x_wconf 88' lang='lat' dir='ltr'><strong>doceat.</strong></span> <span class='ocrx_word' id='word_1_91' title='bbox 858 1318 1115 1374; x_wconf 82' lang='lat' dir='ltr'><strong>Libenter</strong></span> <span class='ocrx_word' id='word_1_92' title='bbox 1135 1316 1288 1372; x_wconf 90' lang='lat' dir='ltr'><strong>disco</strong></span> <span class='ocrx_word' id='word_1_93' title='bbox 1308 1312 1453 1384; x_wconf 89' lang='lat' dir='ltr'><strong>quod</strong></span> <span class='ocrx_word' id='word_1_94' title='bbox 1477 1312 1684 1368; x_wconf 79' lang='lat' dir='ltr'><strong>nescio.</strong></span> <span class='ocrx_word' id='word_1_95' title='bbox 1711 1308 1817 1366; x_wconf 88' lang='lat' dir='ltr'><strong>Sed</strong></span> <span class='ocrx_word' id='word_1_96' title='bbox 1842 1325 2019 1381; x_wconf 88' lang='lat' dir='ltr'><strong>quan-</strong></span> 
     </span>
    </p>
   </div>
   <div class='ocr_carea' id='block_1_15' title="bbox 450 1401 2023 1485">
    <p class='ocr_par' dir='ltr' id='par_1_15' title="bbox 450 1401 2023 1485">
     <span class='ocr_line' id='line_1_15' title="bbox 450 1401 2023 1485; baseline -0.01 -14"><span class='ocrx_word' id='word_1_97' title='bbox 450 1427 564 1471; x_wconf 91' lang='lat' dir='ltr'><strong>tum</strong></span> <span class='ocrx_word' id='word_1_98' title='bbox 605 1428 705 1485; x_wconf 90' lang='lat' dir='ltr'><strong>ego</strong></span> <span class='ocrx_word' id='word_1_99' title='bbox 736 1412 1013 1475; x_wconf 76' lang='lat' dir='ltr'><strong>existimo,</strong></span> <span class='ocrx_word' id='word_1_100' title='bbox 1068 1424 1170 1464; x_wconf 91' lang='lat' dir='ltr'><strong>nec</strong></span> <span class='ocrx_word' id='word_1_101' title='bbox 1211 1407 1266 1461; x_wconf 92' lang='lat' dir='ltr'><strong>in</strong></span> <span class='ocrx_word' id='word_1_102' title='bbox 1311 1404 1513 1471; x_wconf 81' lang='lat' dir='ltr'><strong>Veteri,</strong></span> <span class='ocrx_word' id='word_1_103' title='bbox 1546 1419 1646 1463; x_wconf 91' lang='lat' dir='ltr'><strong>nec</strong></span> <span class='ocrx_word' id='word_1_104' title='bbox 1670 1403 1723 1457; x_wconf 92' lang='lat' dir='ltr'><strong>in</strong></span> <span class='ocrx_word' id='word_1_105' title='bbox 1755 1401 1905 1457; x_wconf 82' lang='lat' dir='ltr'><strong>Novo</strong></span> <span class='ocrx_word' id='word_1_106' title='bbox 1933 1401 2023 1456; x_wconf 81' lang='lat' dir='ltr'><strong>In-</strong></span> 
     </span>
    </p>
   </div>
   <div class='ocr_carea' id='block_1_16' title="bbox 446 1494 2020 1576">
    <p class='ocr_par' dir='ltr' id='par_1_16' title="bbox 446 1494 2020 1576">
     <span class='ocr_line' id='line_1_16' title="bbox 446 1494 2020 1576; baseline -0.01 -12"><span class='ocrx_word' id='word_1_107' title='bbox 446 1517 752 1565; x_wconf 79' lang='lat' dir='ltr'><strong>strumenta</strong></span> <span class='ocrx_word' id='word_1_108' title='bbox 778 1505 1076 1576; x_wconf 86' lang='lat' dir='ltr'><strong>quidquam</strong></span> <span class='ocrx_word' id='word_1_109' title='bbox 1110 1501 1215 1555; x_wconf 85' lang='lat' dir='ltr'><strong>tale</strong></span> <span class='ocrx_word' id='word_1_110' title='bbox 1247 1498 1499 1569; x_wconf 77' lang='lat' dir='ltr'><strong>reperiet.</strong></span> <span class='ocrx_word' id='word_1_111' title='bbox 1551 1494 1744 1551; x_wconf 85' lang='lat' dir='ltr'><strong>Omnis</strong></span> <span class='ocrx_word' id='word_1_112' title='bbox 1764 1510 1895 1566; x_wconf 90' lang='lat' dir='ltr'><strong>ergo</strong></span> <span class='ocrx_word' id='word_1_113' title='bbox 1925 1509 2020 1549; x_wconf 86' lang='lat' dir='ltr'><strong>eo-</strong></span> 
     </span>
    </p>
   </div>
   <div class='ocr_carea' id='block_1_17' title="bbox 447 1585 2018 1663">
    <p class='ocr_par' dir='ltr' id='par_1_17' title="bbox 447 1585 2018 1663">
     <span class='ocr_line' id='line_1_17' title="bbox 447 1585 2018 1663; baseline -0.008 -11"><span class='ocrx_word' id='word_1_114' title='bbox 447 1614 568 1652; x_wconf 94' lang='lat' dir='ltr'><strong>rum</strong></span> <span class='ocrx_word' id='word_1_115' title='bbox 617 1611 771 1652; x_wconf 90' lang='lat' dir='ltr'><strong>error</strong></span> <span class='ocrx_word' id='word_1_116' title='bbox 804 1595 871 1650; x_wconf 91' lang='lat' dir='ltr'><strong>dc</strong></span> <span class='ocrx_word' id='word_1_117' title='bbox 902 1591 1259 1663; x_wconf 89' lang='lat' dir='ltr'><strong>prophetica,</strong></span> <span class='ocrx_word' id='word_1_118' title='bbox 1314 1603 1480 1659; x_wconf 89' lang='lat' dir='ltr'><strong>quam</strong></span> <span class='ocrx_word' id='word_1_119' title='bbox 1533 1602 1641 1641; x_wconf 90' lang='lat' dir='ltr'><strong>non</strong></span> <span class='ocrx_word' id='word_1_120' title='bbox 1691 1585 2018 1656; x_wconf 85' lang='lat' dir='ltr'><strong>intelligunt,</strong></span> 
     </span>
    </p>
   </div>
   <div class='ocr_carea' id='block_1_18' title="bbox 450 1674 2023 1751">
    <p class='ocr_par' dir='ltr' id='par_1_18' title="bbox 450 1674 2023 1751">
     <span class='ocr_line' id='line_1_18' title="bbox 450 1674 2023 1751; baseline -0.006 -11"><span class='ocrx_word' id='word_1_121' title='bbox 450 1688 683 1742; x_wconf 76' lang='lat' dir='ltr'><strong>lectione</strong></span> <span class='ocrx_word' id='word_1_122' title='bbox 711 1684 949 1741; x_wconf 78' lang='lat' dir='ltr'><strong>surrexit</strong></span> <span class='ocrx_word' id='word_1_123' title='bbox 975 1701 988 1736; x_wconf 92' lang='lat'><strong>:</strong></span> <span class='ocrx_word' id='word_1_124' title='bbox 1023 1697 1052 1736; x_wconf 90' lang='lat' dir='ltr'><strong>e</strong></span> <span class='ocrx_word' id='word_1_125' title='bbox 1083 1680 1283 1751; x_wconf 86' lang='lat' dir='ltr'><strong>quibus</strong></span> <span class='ocrx_word' id='word_1_126' title='bbox 1307 1678 1440 1733; x_wconf 86' lang='lat' dir='ltr'><strong>illud</strong></span> <span class='ocrx_word' id='word_1_127' title='bbox 1468 1686 1553 1733; x_wconf 89' lang='lat' dir='ltr'><strong>est</strong></span> <span class='ocrx_word' id='word_1_128' title='bbox 1576 1678 1631 1731; x_wconf 92' lang='lat' dir='ltr'><strong>in</strong></span> <span class='ocrx_word' id='word_1_129' title='bbox 1661 1676 1797 1731; x_wconf 90' lang='lat' dir='ltr'><strong>Isaia</strong></span> <span class='ocrx_word' id='word_1_130' title='bbox 1833 1693 1847 1729; x_wconf 89' lang='lat'><strong>:</strong></span> <span class='ocrx_word' id='word_1_131' title='bbox 1877 1674 2023 1730; x_wconf 86' lang='lat' dir='ltr'><strong>Lecti</strong></span> 
     </span>
    </p>
   </div>
   <div class='ocr_carea' id='block_1_19' title="bbox 450 1753 2096 1834">
    <p class='ocr_par' dir='ltr' id='par_1_19' title="bbox 450 1753 2096 1834">
     <span class='ocr_line' id='line_1_19' title="bbox 450 1753 2096 1834; baseline -0.008 -2"><span class='ocrx_word' id='word_1_132' title='bbox 450 1782 548 1834; x_wconf 90' lang='lat' dir='ltr'><strong>mei</strong></span> <span class='ocrx_word' id='word_1_133' title='bbox 577 1795 680 1833; x_wconf 89' lang='lat' dir='ltr'><strong>non</strong></span> <span class='ocrx_word' id='word_1_134' title='bbox 717 1775 977 1830; x_wconf 86' lang='lat' dir='ltr'><strong>habebunt</strong></span> <span class='ocrx_word' id='word_1_135' title='bbox 1010 1774 1200 1829; x_wconf 88' lang='lat' dir='ltr'><strong>liberos</strong></span> <span class='ocrx_word' id='word_1_136' title='bbox 1227 1774 1282 1826; x_wconf 88' lang='lat' dir='ltr'><strong>in</strong></span> <span class='ocrx_word' id='word_1_137' title='bbox 1312 1770 1737 1825; x_wconf 82' lang='lat' dir='ltr'><strong>maledictionem</strong></span> <span class='ocrx_word' id='word_1_138' title='bbox 1765 1768 1831 1820; x_wconf 83' lang='lat'><strong>&quot;.</strong></span> <span class='ocrx_word' id='word_1_139' title='bbox 1875 1765 1942 1821; x_wconf 88' lang='lat' dir='ltr'><strong>Et</strong></span> <span class='ocrx_word' id='word_1_140' title='bbox 1966 1767 2020 1820; x_wconf 88' lang='lat' dir='ltr'><strong>in</strong></span> <span class='ocrx_word' id='word_1_141' title='bbox 2054 1753 2096 1808; x_wconf 80' lang='grc' dir='ltr'><strong>Β</strong></span> 
     </span>
    </p>
   </div>
   <div class='ocr_carea' id='block_1_20' title="bbox 452 1855 2020 1925">
    <p class='ocr_par' dir='ltr' id='par_1_20' title="bbox 452 1855 2020 1925">
     <span class='ocr_line' id='line_1_20' title="bbox 452 1855 2020 1925; baseline -0.011 -1"><span class='ocrx_word' id='word_1_142' title='bbox 452 1867 872 1925; x_wconf 86' lang='lat' dir='ltr'><strong>Deuteronomio</strong></span> <span class='ocrx_word' id='word_1_143' title='bbox 901 1866 956 1920; x_wconf 92' lang='lat' dir='ltr'><strong>in</strong></span> <span class='ocrx_word' id='word_1_144' title='bbox 999 1861 1466 1920; x_wconf 85' lang='lat' dir='ltr'><strong>benedictionibus</strong></span> <span class='ocrx_word' id='word_1_145' title='bbox 1499 1859 1547 1891; x_wconf 81' lang='lat'>”</span> <span class='ocrx_word' id='word_1_146' title='bbox 1573 1877 1586 1913; x_wconf 92' lang='lat'><strong>:</strong></span> <span class='ocrx_word' id='word_1_147' title='bbox 1617 1856 1890 1912; x_wconf 78' lang='lat' dir='ltr'><strong>Benedicti</strong></span> <span class='ocrx_word' id='word_1_148' title='bbox 1917 1855 2020 1925; x_wconf 81' lang='lat' dir='ltr'><strong>ﬁlii</strong></span> 
     </span>
    </p>
   </div>
   <div class='ocr_carea' id='block_1_21' title="bbox 451 1948 2018 2028">
    <p class='ocr_par' dir='ltr' id='par_1_21' title="bbox 451 1948 2018 2028">
     <span class='ocr_line' id='line_1_21' title="bbox 451 1948 2018 2028; baseline -0.01 -12"><span class='ocrx_word' id='word_1_149' title='bbox 451 1962 583 2016; x_wconf 90' lang='lat' dir='ltr'><strong>uteri</strong></span> <span class='ocrx_word' id='word_1_150' title='bbox 625 1964 723 2015; x_wconf 85' lang='lat' dir='ltr'><strong>tui.</strong></span> <span class='ocrx_word' id='word_1_151' title='bbox 776 1958 843 2012; x_wconf 84' lang='lat' dir='ltr'><strong>Et</strong></span> <span class='ocrx_word' id='word_1_152' title='bbox 875 1965 1069 2028; x_wconf 91' lang='lat' dir='ltr'><strong>putant</strong></span> <span class='ocrx_word' id='word_1_153' title='bbox 1106 1955 1223 2010; x_wconf 68' lang='lat' dir='ltr'><strong>haec</strong></span> <span class='ocrx_word' id='word_1_154' title='bbox 1269 1952 1449 2007; x_wconf 80' lang='lat' dir='ltr'><strong>futura</strong></span> <span class='ocrx_word' id='word_1_155' title='bbox 1499 1951 1553 2005; x_wconf 93' lang='lat' dir='ltr'><strong>in</strong></span> <span class='ocrx_word' id='word_1_156' title='bbox 1602 1948 2018 2010; x_wconf 85' lang='lat' dir='ltr'><strong>resurrectione,</strong></span> 
     </span>
    </p>
   </div>
   <div class='ocr_carea' id='block_1_22' title="bbox 451 2040 2021 2120">
    <p class='ocr_par' dir='ltr' id='par_1_22' title="bbox 451 2040 2021 2120">
     <span class='ocr_line' id='line_1_22' title="bbox 451 2040 2021 2120; baseline -0.009 -14"><span class='ocrx_word' id='word_1_157' title='bbox 451 2069 559 2107; x_wconf 91' lang='lat' dir='ltr'><strong>non</strong></span> <span class='ocrx_word' id='word_1_158' title='bbox 590 2050 950 2120; x_wconf 87' lang='lat' dir='ltr'><strong>intelIigentes</strong></span> <span class='ocrx_word' id='word_1_159' title='bbox 986 2045 1259 2117; x_wconf 80' lang='lat' dir='ltr'><strong>spiritales</strong></span> <span class='ocrx_word' id='word_1_160' title='bbox 1288 2040 1692 2099; x_wconf 86' lang='lat' dir='ltr'><strong>benedictiones</strong></span> <span class='ocrx_word' id='word_1_161' title='bbox 1733 2054 1856 2095; x_wconf 90' lang='lat' dir='ltr'><strong>esse</strong></span> <span class='ocrx_word' id='word_1_162' title='bbox 1884 2053 2021 2108; x_wconf 78' lang='lat' dir='ltr'><strong>prae-</strong></span> 
     </span>
    </p>
   </div>
   <div class='ocr_carea' id='block_1_23' title="bbox 451 2129 2023 2199">
    <p class='ocr_par' dir='ltr' id='par_1_23' title="bbox 451 2129 2023 2199">
     <span class='ocr_line' id='line_1_23' title="bbox 451 2129 2023 2199; baseline -0.01 -1"><span class='ocrx_word' id='word_1_163' title='bbox 451 2145 647 2199; x_wconf 86' lang='lat' dir='ltr'><strong>dletas.</strong></span> <span class='ocrx_word' id='word_1_164' title='bbox 703 2139 901 2195; x_wconf 81' lang='lat' dir='ltr'><strong>Paulus</strong></span> <span class='ocrx_word' id='word_1_165' title='bbox 928 2137 1074 2193; x_wconf 89' lang='lat' dir='ltr'><strong>enim</strong></span> <span class='ocrx_word' id='word_1_166' title='bbox 1102 2151 1201 2191; x_wconf 79' lang='lat' dir='ltr'><strong>vas</strong></span> <span class='ocrx_word' id='word_1_167' title='bbox 1236 2131 1552 2199; x_wconf 81' lang='lat' dir='ltr'><strong>electionis,</strong></span> <span class='ocrx_word' id='word_1_168' title='bbox 1583 2145 1773 2186; x_wconf 88' lang='lat' dir='ltr'><strong>omnes</strong></span> <span class='ocrx_word' id='word_1_169' title='bbox 1800 2129 1899 2184; x_wconf 88' lang='lat' dir='ltr'><strong>has</strong></span> <span class='ocrx_word' id='word_1_170' title='bbox 1929 2130 2023 2183; x_wconf 90' lang='lat' dir='ltr'><strong>be-</strong></span> 
     </span>
    </p>
   </div>
   <div class='ocr_carea' id='block_1_24' title="bbox 452 2219 2024 2300">
    <p class='ocr_par' dir='ltr' id='par_1_24' title="bbox 452 2219 2024 2300">
     <span class='ocr_line' id='line_1_24' title="bbox 452 2219 2024 2300; baseline -0.011 -12"><span class='ocrx_word' id='word_1_171' title='bbox 452 2233 814 2298; x_wconf 82' lang='lat' dir='ltr'><strong>nedictiones,</strong></span> <span class='ocrx_word' id='word_1_172' title='bbox 844 2244 967 2300; x_wconf 72' lang='lat' dir='ltr'><strong>qua:</strong></span> <span class='ocrx_word' id='word_1_173' title='bbox 990 2233 1271 2298; x_wconf 91' lang='lat' dir='ltr'><strong>ponuntur</strong></span> <span class='ocrx_word' id='word_1_174' title='bbox 1301 2224 1355 2278; x_wconf 91' lang='lat' dir='ltr'><strong>in</strong></span> <span class='ocrx_word' id='word_1_175' title='bbox 1385 2221 1547 2294; x_wconf 87' lang='lat' dir='ltr'><strong>Lege,</strong></span> <span class='ocrx_word' id='word_1_176' title='bbox 1596 2220 1913 2291; x_wconf 84' lang='lat' dir='ltr'><strong>spiritaliter</strong></span> <span class='ocrx_word' id='word_1_177' title='bbox 1942 2219 2024 2273; x_wconf 92' lang='lat' dir='ltr'><strong>in-</strong></span> 
     </span>
    </p>
   </div>
   <div class='ocr_carea' id='block_1_25' title="bbox 445 2307 2025 2395">
    <p class='ocr_par' dir='ltr' id='par_1_25' title="bbox 445 2307 2025 2395">
     <span class='ocr_line' id='line_1_25' title="bbox 445 2307 2025 2395; baseline -0.011 -15"><span class='ocrx_word' id='word_1_178' title='bbox 445 2334 777 2395; x_wconf 88' lang='lat' dir='ltr'><strong>terpretans,</strong></span> <span class='ocrx_word' id='word_1_179' title='bbox 813 2329 867 2375; x_wconf 92' lang='lat' dir='ltr'><strong>et</strong></span> <span class='ocrx_word' id='word_1_180' title='bbox 913 2319 1092 2374; x_wconf 90' lang='lat' dir='ltr'><strong>sciens</strong></span> <span class='ocrx_word' id='word_1_181' title='bbox 1142 2331 1252 2370; x_wconf 92' lang='lat' dir='ltr'><strong>non</strong></span> <span class='ocrx_word' id='word_1_182' title='bbox 1294 2328 1417 2370; x_wconf 89' lang='lat' dir='ltr'><strong>esse</strong></span> <span class='ocrx_word' id='word_1_183' title='bbox 1442 2311 1712 2375; x_wconf 85' lang='lat' dir='ltr'><strong>carnales,</strong></span> <span class='ocrx_word' id='word_1_184' title='bbox 1753 2310 1823 2364; x_wconf 88' lang='lat' dir='ltr'><strong>ad</strong></span> <span class='ocrx_word' id='word_1_185' title='bbox 1852 2307 2025 2379; x_wconf 86' lang='lat' dir='ltr'><strong>Ephe-</strong></span> 
     </span>
    </p>
   </div>
   <div class='ocr_carea' id='block_1_26' title="bbox 453 2397 2027 2482">
    <p class='ocr_par' dir='ltr' id='par_1_26' title="bbox 453 2397 2027 2482">
     <span class='ocr_line' id='line_1_26' title="bbox 453 2397 2027 2482; baseline -0.012 -13"><span class='ocrx_word' id='word_1_186' title='bbox 453 2414 565 2469; x_wconf 90' lang='lat' dir='ltr'><strong>sios</strong></span> <span class='ocrx_word' id='word_1_187' title='bbox 604 2411 849 2482; x_wconf 87' lang='lat' dir='ltr'><strong>loquitur</strong></span> <span class='ocrx_word' id='word_1_188' title='bbox 875 2407 922 2441; x_wconf 74' lang='lat'><strong>“</strong></span> <span class='ocrx_word' id='word_1_189' title='bbox 958 2426 971 2461; x_wconf 91' lang='lat'><strong>:</strong></span> <span class='ocrx_word' id='word_1_190' title='bbox 1006 2406 1322 2461; x_wconf 75' lang='lat' dir='ltr'><strong>Benedictus</strong></span> <span class='ocrx_word' id='word_1_191' title='bbox 1365 2403 1502 2458; x_wconf 85' lang='lat' dir='ltr'><strong>Deus</strong></span> <span class='ocrx_word' id='word_1_192' title='bbox 1599 2412 1649 2456; x_wconf 92' lang='lat' dir='ltr'><strong>et</strong></span> <span class='ocrx_word' id='word_1_193' title='bbox 1706 2398 1869 2454; x_wconf 78' lang='lat' dir='ltr'><strong>Pater</strong></span> <span class='ocrx_word' id='word_1_194' title='bbox 1919 2397 2027 2451; x_wconf 89' lang='lat' dir='ltr'><strong>Do-</strong></span> 
     </span>
    </p>
   </div>
   <div class='ocr_carea' id='block_1_27' title="bbox 452 2491 2025 2566">
    <p class='ocr_par' dir='ltr' id='par_1_27' title="bbox 452 2491 2025 2566">
     <span class='ocr_line' id='line_1_27' title="bbox 452 2491 2025 2566; baseline -0.01 -5"><span class='ocrx_word' id='word_1_195' title='bbox 452 2507 579 2561; x_wconf 82' lang='lat' dir='ltr'><strong>mini</strong></span> <span class='ocrx_word' id='word_1_196' title='bbox 609 2503 779 2559; x_wconf 80' lang='lat' dir='ltr'><strong>nostri</strong></span> <span class='ocrx_word' id='word_1_197' title='bbox 805 2500 933 2556; x_wconf 79' lang='lat' dir='ltr'><strong>Jesu</strong></span> <span class='ocrx_word' id='word_1_198' title='bbox 961 2498 1162 2555; x_wconf 88' lang='lat' dir='ltr'><strong>Chr.&#39;sti</strong></span> <span class='ocrx_word' id='word_1_199' title='bbox 1181 2537 1197 2563; x_wconf 92' lang='lat'><strong>,</strong></span> <span class='ocrx_word' id='word_1_200' title='bbox 1252 2497 1342 2566; x_wconf 88' lang='lat' dir='ltr'><strong>qui</strong></span> <span class='ocrx_word' id='word_1_201' title='bbox 1374 2493 1635 2548; x_wconf 77' lang='lat' dir='ltr'><strong>benedixit</strong></span> <span class='ocrx_word' id='word_1_202' title='bbox 1666 2508 1761 2547; x_wconf 91' lang='lat' dir='ltr'><strong>nos</strong></span> <span class='ocrx_word' id='word_1_203' title='bbox 1796 2492 1851 2545; x_wconf 89' lang='lat' dir='ltr'><strong>in</strong></span> <span class='ocrx_word' id='word_1_204' title='bbox 1884 2491 2025 2545; x_wconf 87' lang='lat' dir='ltr'><strong>omni</strong></span> 
     </span>
    </p>
   </div>
   <div class='ocr_carea' id='block_1_28' title="bbox 452 2586 2025 2664">
    <p class='ocr_par' dir='ltr' id='par_1_28' title="bbox 452 2586 2025 2664">
     <span class='ocr_line' id='line_1_28' title="bbox 452 2586 2025 2664; baseline -0.01 -11"><span class='ocrx_word' id='word_1_205' title='bbox 452 2598 805 2655; x_wconf 77' lang='lat' dir='ltr'><strong>benedictione</strong></span> <span class='ocrx_word' id='word_1_206' title='bbox 854 2591 1122 2664; x_wconf 79' lang='lat' dir='ltr'><strong>spiritali,</strong></span> <span class='ocrx_word' id='word_1_207' title='bbox 1174 2606 1294 2643; x_wconf 89' lang='lat' dir='ltr'><strong>cum</strong></span> <span class='ocrx_word' id='word_1_208' title='bbox 1340 2606 1373 2641; x_wconf 91' lang='lat' dir='ltr'><strong>u</strong></span> <span class='ocrx_word' id='word_1_209' title='bbox 1426 2586 1650 2641; x_wconf 84' lang='lat' dir='ltr'><strong>mortuis</strong></span> <span class='ocrx_word' id='word_1_210' title='bbox 1702 2593 2025 2654; x_wconf 74' lang='lat' dir='ltr'><strong>resurgentes</strong></span> 
     </span>
    </p>
   </div>
   <div class='ocr_carea' id='block_1_29' title="bbox 452 2676 2026 2751">
    <p class='ocr_par' dir='ltr' id='par_1_29' title="bbox 452 2676 2026 2751">
     <span class='ocr_line' id='line_1_29' title="bbox 452 2676 2026 2751; baseline -0.011 -2"><span class='ocrx_word' id='word_1_211' title='bbox 452 2705 710 2749; x_wconf 70' lang='lat' dir='ltr'><strong>cateruam</strong></span> <span class='ocrx_word' id='word_1_212' title='bbox 758 2686 1137 2743; x_wconf 82' lang='lat' dir='ltr'><strong>beatitudinem</strong></span> <span class='ocrx_word' id='word_1_213' title='bbox 1166 2695 1641 2751; x_wconf 71' lang='lat' dir='ltr'><strong>consequeremur.</strong></span> <span class='ocrx_word' id='word_1_214' title='bbox 1712 2676 1817 2733; x_wconf 85' lang='lat' dir='ltr'><strong>Sed</strong></span> <span class='ocrx_word' id='word_1_215' title='bbox 1868 2685 1923 2732; x_wconf 88' lang='lat' dir='ltr'><strong>ct</strong></span> <span class='ocrx_word' id='word_1_216' title='bbox 1971 2678 2026 2731; x_wconf 86' lang='lat' dir='ltr'><strong>in</strong></span> 
     </span>
    </p>
   </div>
   <div class='ocr_carea' id='block_1_30' title="bbox 447 2770 2029 2850">
    <p class='ocr_par' dir='ltr' id='par_1_30' title="bbox 447 2770 2029 2850">
     <span class='ocr_line' id='line_1_30' title="bbox 447 2770 2029 2850; baseline -0.011 -9"><span class='ocrx_word' id='word_1_217' title='bbox 447 2785 686 2841; x_wconf 74' lang='lat' dir='ltr'><strong>Psalmis</strong></span> <span class='ocrx_word' id='word_1_218' title='bbox 728 2781 905 2837; x_wconf 90' lang='lat' dir='ltr'><strong>simile</strong></span> <span class='ocrx_word' id='word_1_219' title='bbox 956 2778 1086 2850; x_wconf 89' lang='lat' dir='ltr'><strong>quid</strong></span> <span class='ocrx_word' id='word_1_220' title='bbox 1126 2776 1493 2845; x_wconf 88' lang='lat' dir='ltr'><strong>reperientes,</strong></span> <span class='ocrx_word' id='word_1_221' title='bbox 1528 2771 1716 2827; x_wconf 85' lang='lat' dir='ltr'><strong>eodem</strong></span> <span class='ocrx_word' id='word_1_222' title='bbox 1771 2770 2029 2825; x_wconf 85' lang='lat' dir='ltr'><strong>labuntur</strong></span> 
     </span>
    </p>
   </div>
   <div class='ocr_carea' id='block_1_31' title="bbox 452 2861 2029 2939">
    <p class='ocr_par' dir='ltr' id='par_1_31' title="bbox 452 2861 2029 2939">
     <span class='ocr_line' id='line_1_31' title="bbox 452 2861 2029 2939; baseline -0.009 -11"><span class='ocrx_word' id='word_1_223' title='bbox 452 2889 635 2928; x_wconf 83' lang='lat' dir='ltr'><strong>errore</strong></span> <span class='ocrx_word' id='word_1_224' title='bbox 701 2870 877 2934; x_wconf 78' lang='lat' dir='ltr'><strong>Uxor,</strong></span> <span class='ocrx_word' id='word_1_225' title='bbox 918 2869 1127 2939; x_wconf 84' lang='lat' dir='ltr'><strong>inquit,</strong></span> <span class='ocrx_word' id='word_1_226' title='bbox 1174 2877 1265 2919; x_wconf 90' lang='lat' dir='ltr'><strong>tua</strong></span> <span class='ocrx_word' id='word_1_227' title='bbox 1317 2865 1453 2919; x_wconf 84' lang='lat' dir='ltr'><strong>sicut</strong></span> <span class='ocrx_word' id='word_1_228' title='bbox 1501 2862 1621 2917; x_wconf 77' lang='lat' dir='ltr'><strong>vitis</strong></span> <span class='ocrx_word' id='word_1_229' title='bbox 1656 2862 1931 2916; x_wconf 83' lang='lat' dir='ltr'><strong>abundans</strong></span> <span class='ocrx_word' id='word_1_230' title='bbox 1971 2861 2029 2915; x_wconf 89' lang='lat' dir='ltr'><strong>in</strong></span> 
     </span>
    </p>
   </div>
   <div class='ocr_carea' id='block_1_32' title="bbox 453 2952 2027 3028">
    <p class='ocr_par' dir='ltr' id='par_1_32' title="bbox 453 2952 2027 3028">
     <span class='ocr_line' id='line_1_32' title="bbox 453 2952 2027 3028; baseline -0.01 -8"><span class='ocrx_word' id='word_1_231' title='bbox 453 2965 708 3021; x_wconf 82' lang='lat' dir='ltr'><strong>lateribus</strong></span> <span class='ocrx_word' id='word_1_232' title='bbox 776 2963 965 3016; x_wconf 85' lang='lat' dir='ltr'><strong>domus</strong></span> <span class='ocrx_word' id='word_1_233' title='bbox 1024 2970 1150 3025; x_wconf 79' lang='lat' dir='ltr'><strong>tute,</strong></span> <span class='ocrx_word' id='word_1_234' title='bbox 1209 2958 1310 3028; x_wconf 77' lang='lat' dir='ltr'><strong>filii</strong></span> <span class='ocrx_word' id='word_1_235' title='bbox 1374 2959 1451 3011; x_wconf 89' lang='lat' dir='ltr'><strong>tui</strong></span> <span class='ocrx_word' id='word_1_236' title='bbox 1491 2957 1629 3010; x_wconf 84' lang='lat' dir='ltr'><strong>sicut</strong></span> <span class='ocrx_word' id='word_1_237' title='bbox 1669 2952 1882 3009; x_wconf 68' lang='lat' dir='ltr'><strong>novella:</strong></span> <span class='ocrx_word' id='word_1_238' title='bbox 1924 2953 2027 3006; x_wconf 91' lang='lat' dir='ltr'><strong>oli-</strong></span> 
     </span>
    </p>
   </div>
   <div class='ocr_carea' id='block_1_33' title="bbox 454 3046 2027 3119">
    <p class='ocr_par' dir='ltr' id='par_1_33' title="bbox 454 3046 2027 3119">
     <span class='ocr_line' id='line_1_33' title="bbox 454 3046 2027 3119; baseline -0.007 -8"><span class='ocrx_word' id='word_1_239' title='bbox 454 3072 635 3111; x_wconf 79' lang='lat' dir='ltr'><strong>rarum</strong></span> <span class='ocrx_word' id='word_1_240' title='bbox 665 3056 721 3109; x_wconf 85' lang='lat' dir='ltr'><strong>in</strong></span> <span class='ocrx_word' id='word_1_241' title='bbox 748 3055 977 3109; x_wconf 88' lang='lat' dir='ltr'><strong>circuitu</strong></span> <span class='ocrx_word' id='word_1_242' title='bbox 1023 3066 1213 3105; x_wconf 68' lang='lat' dir='ltr'><strong>meum</strong></span> <span class='ocrx_word' id='word_1_243' title='bbox 1243 3059 1367 3114; x_wconf 70' lang='lat' dir='ltr'><strong>tum,</strong></span> <span class='ocrx_word' id='word_1_244' title='bbox 1396 3064 1573 3119; x_wconf 91' lang='lat' dir='ltr'><strong>usque</strong></span> <span class='ocrx_word' id='word_1_245' title='bbox 1594 3048 1660 3103; x_wconf 89' lang='lat' dir='ltr'><strong>ad</strong></span> <span class='ocrx_word' id='word_1_246' title='bbox 1683 3062 1805 3103; x_wconf 91' lang='lat' dir='ltr'><strong>eum</strong></span> <span class='ocrx_word' id='word_1_247' title='bbox 1834 3046 2027 3101; x_wconf 82' lang='lat' dir='ltr'><strong>locum</strong></span> 
     </span>
    </p>
   </div>
   <div class='ocr_carea' id='block_1_34' title="bbox 452 3119 2097 3204">
    <p class='ocr_par' dir='ltr' id='par_1_34' title="bbox 452 3119 2097 3204">
     <span class='ocr_line' id='line_1_34' title="bbox 452 3119 2097 3204; baseline -0.007 -1"><span class='ocrx_word' id='word_1_248' title='bbox 452 3150 545 3203; x_wconf 83' lang='lat' dir='ltr'><strong>u&#39;..i</strong></span> <span class='ocrx_word' id='word_1_249' title='bbox 587 3147 662 3201; x_wconf 86' lang='lat' dir='ltr'><strong>ait</strong></span> <span class='ocrx_word' id='word_1_250' title='bbox 702 3164 714 3199; x_wconf 92' lang='lat'>:</span> <span class='ocrx_word' id='word_1_251' title='bbox 757 3144 1041 3199; x_wconf 84' lang='lat' dir='ltr'><strong>Benedicat</strong></span> <span class='ocrx_word' id='word_1_252' title='bbox 1077 3152 1121 3196; x_wconf 83' lang='lat' dir='ltr'><strong>te</strong></span> <span class='ocrx_word' id='word_1_253' title='bbox 1161 3141 1415 3195; x_wconf 87' lang='lat' dir='ltr'><strong>Dominus</strong></span> <span class='ocrx_word' id='word_1_254' title='bbox 1455 3154 1519 3194; x_wconf 79' lang='lat' dir='ltr'><strong>ea:</strong></span> <span class='ocrx_word' id='word_1_255' title='bbox 1565 3138 1716 3204; x_wconf 86' lang='lat' dir='ltr'><strong>Sion,</strong></span> <span class='ocrx_word' id='word_1_256' title='bbox 1757 3149 1806 3192; x_wconf 83' lang='lat' dir='ltr'><strong>et</strong></span> <span class='ocrx_word' id='word_1_257' title='bbox 1851 3140 2026 3194; x_wconf 81' lang='lat' dir='ltr'><strong>videas</strong></span> <span class='ocrx_word' id='word_1_258' title='bbox 2054 3119 2097 3177; x_wconf 63' lang='grc' dir='ltr'><strong>θ·</strong></span> 
     </span>
    </p>
   </div>
   <div class='ocr_carea' id='block_1_35' title="bbox 454 3229 2027 3308">
    <p class='ocr_par' dir='ltr' id='par_1_35' title="bbox 454 3229 2027 3308">
     <span class='ocr_line' id='line_1_35' title="bbox 454 3229 2027 3308; baseline -0.003 -19"><span class='ocrx_word' id='word_1_259' title='bbox 454 3253 571 3308; x_wconf 76' lang='lat' dir='ltr'><strong>gnte</strong></span> <span class='ocrx_word' id='word_1_260' title='bbox 633 3238 769 3291; x_wconf 90' lang='lat' dir='ltr'><strong>bona</strong></span> <span class='ocrx_word' id='word_1_261' title='bbox 823 3244 942 3288; x_wconf 90' lang='lat' dir='ltr'><strong>sunt</strong></span> <span class='ocrx_word' id='word_1_262' title='bbox 988 3231 1283 3286; x_wconf 85' lang='lat' dir='ltr'><strong>Jerusalem</strong></span> <span class='ocrx_word' id='word_1_263' title='bbox 1317 3232 1385 3287; x_wconf 77' lang='lat'><strong>&quot;.</strong></span> <span class='ocrx_word' id='word_1_264' title='bbox 1425 3229 1569 3301; x_wconf 82' lang='lat' dir='ltr'><strong>Ergo</strong></span> <span class='ocrx_word' id='word_1_265' title='bbox 1605 3244 1731 3282; x_wconf 82' lang='lat' dir='ltr'><strong>cunt</strong></span> <span class='ocrx_word' id='word_1_266' title='bbox 1764 3230 2027 3286; x_wconf 87' lang='lat' dir='ltr'><strong>instructa</strong></span> 
     </span>
    </p>
   </div>
   <div class='ocr_carea' id='block_1_36' title="bbox 440 3320 2026 3391">
    <p class='ocr_par' dir='ltr' id='par_1_36' title="bbox 440 3320 2026 3391">
     <span class='ocr_line' id='line_1_36' title="bbox 440 3320 2026 3391; baseline -0.004 -10"><span class='ocrx_word' id='word_1_267' title='bbox 440 3329 535 3381; x_wconf 63' lang='grc' dir='ltr'><strong>τη(</strong></span> <span class='ocrx_word' id='word_1_268' title='bbox 550 3327 617 3382; x_wconf 91' lang='lat' dir='ltr'><strong>rit</strong></span> <span class='ocrx_word' id='word_1_269' title='bbox 649 3326 978 3390; x_wconf 84' lang='lat' dir='ltr'><strong>Jerusalem,</strong></span> <span class='ocrx_word' id='word_1_270' title='bbox 998 3333 1052 3377; x_wconf 90' lang='lat' dir='ltr'><strong>et</strong></span> <span class='ocrx_word' id='word_1_271' title='bbox 1075 3323 1375 3377; x_wconf 87' lang='lat' dir='ltr'><strong>instaurata</strong></span> <span class='ocrx_word' id='word_1_272' title='bbox 1402 3320 1456 3375; x_wconf 91' lang='lat' dir='ltr'><strong>in</strong></span> <span class='ocrx_word' id='word_1_273' title='bbox 1487 3320 1772 3391; x_wconf 90' lang='lat' dir='ltr'><strong>antiquum</strong></span> <span class='ocrx_word' id='word_1_274' title='bbox 1801 3330 2026 3388; x_wconf 76' lang='lat' dir='ltr'><strong>Statum,</strong></span> 
     </span>
    </p>
   </div>
   <div class='ocr_carea' id='block_1_37' title="bbox 457 3410 2025 3484">
    <p class='ocr_par' dir='ltr' id='par_1_37' title="bbox 457 3410 2025 3484">
     <span class='ocr_line' id='line_1_37' title="bbox 457 3410 2025 3484; baseline -0.003 -13"><span class='ocrx_word' id='word_1_275' title='bbox 457 3433 586 3474; x_wconf 86' lang='lat' dir='ltr'><strong>lltllc</strong></span> <span class='ocrx_word' id='word_1_276' title='bbox 620 3420 841 3472; x_wconf 75' lang='lat' dir='ltr'><strong>visurus</strong></span> <span class='ocrx_word' id='word_1_277' title='bbox 864 3424 949 3472; x_wconf 89' lang='lat' dir='ltr'><strong>est</strong></span> <span class='ocrx_word' id='word_1_278' title='bbox 976 3415 1116 3469; x_wconf 92' lang='lat' dir='ltr'><strong>bona</strong></span> <span class='ocrx_word' id='word_1_279' title='bbox 1151 3429 1273 3484; x_wconf 74' lang='lat' dir='ltr'><strong>qua:</strong></span> <span class='ocrx_word' id='word_1_280' title='bbox 1304 3410 1584 3482; x_wconf 89' lang='lat' dir='ltr'><strong>Scriptura</strong></span> <span class='ocrx_word' id='word_1_281' title='bbox 1616 3423 2025 3468; x_wconf 89' lang='lat' dir='ltr'><strong>commemorat.</strong></span> 
     </span>
    </p>
   </div>
   <div class='ocr_carea' id='block_1_38' title="bbox 432 3502 2028 3579">
    <p class='ocr_par' dir='ltr' id='par_1_38' title="bbox 432 3502 2028 3579">
     <span class='ocr_line' id='line_1_38' title="bbox 432 3502 2028 3579; baseline -0.003 -15"><span class='ocrx_word' id='word_1_282' title='bbox 432 3511 560 3576; x_wconf 84' lang='lat' dir='ltr'><strong>Qui</strong></span> <span class='ocrx_word' id='word_1_283' title='bbox 595 3509 912 3579; x_wconf 82' lang='lat' dir='ltr'><strong>spiritaliter</strong></span> <span class='ocrx_word' id='word_1_284' title='bbox 951 3505 1257 3575; x_wconf 88' lang='lat' dir='ltr'><strong>intelligunt</strong></span> <span class='ocrx_word' id='word_1_285' title='bbox 1284 3502 1612 3568; x_wconf 82' lang='lat' dir='ltr'><strong>Jerusalem,</strong></span> <span class='ocrx_word' id='word_1_286' title='bbox 1645 3514 1700 3559; x_wconf 91' lang='lat' dir='ltr'><strong>et</strong></span> <span class='ocrx_word' id='word_1_287' title='bbox 1732 3506 1798 3560; x_wconf 90' lang='lat' dir='ltr'><strong>de</strong></span> <span class='ocrx_word' id='word_1_288' title='bbox 1824 3520 1888 3560; x_wconf 87' lang='lat' dir='ltr'><strong>ea</strong></span> <span class='ocrx_word' id='word_1_289' title='bbox 1920 3506 2028 3561; x_wconf 85' lang='lat' dir='ltr'><strong>dici</strong></span> 
     </span>
    </p>
   </div>
   <div class='ocr_carea' id='block_1_39' title="bbox 458 3598 2031 3671">
    <p class='ocr_par' dir='ltr' id='par_1_39' title="bbox 458 3598 2031 3671">
     <span class='ocr_line' id='line_1_39' title="bbox 458 3598 2031 3671; baseline -0.003 -14"><span class='ocrx_word' id='word_1_290' title='bbox 458 3605 639 3657; x_wconf 81' lang='lat' dir='ltr'><strong>sciunt</strong></span> <span class='ocrx_word' id='word_1_291' title='bbox 670 3616 791 3671; x_wconf 66' lang='lat' dir='ltr'><strong>quae</strong></span> <span class='ocrx_word' id='word_1_292' title='bbox 819 3598 1060 3655; x_wconf 69' lang='lat' dir='ltr'><strong>caelestis</strong></span> <span class='ocrx_word' id='word_1_293' title='bbox 1092 3607 1207 3661; x_wconf 86' lang='lat' dir='ltr'><strong>est,</strong></span> <span class='ocrx_word' id='word_1_294' title='bbox 1248 3612 1371 3666; x_wconf 77' lang='lat' dir='ltr'><strong>qua:</strong></span> <span class='ocrx_word' id='word_1_295' title='bbox 1404 3612 1625 3652; x_wconf 89' lang='lat' dir='ltr'><strong>sursum</strong></span> <span class='ocrx_word' id='word_1_296' title='bbox 1656 3605 1771 3662; x_wconf 89' lang='lat' dir='ltr'><strong>est,</strong></span> <span class='ocrx_word' id='word_1_297' title='bbox 1796 3613 1918 3668; x_wconf 78' lang='lat' dir='ltr'><strong>qua:</strong></span> <span class='ocrx_word' id='word_1_298' title='bbox 1948 3606 2031 3653; x_wconf 89' lang='lat' dir='ltr'><strong>est</strong></span> 
     </span>
    </p>
   </div>
   <div class='ocr_carea' id='block_1_40' title="bbox 458 3689 2030 3761">
    <p class='ocr_par' dir='ltr' id='par_1_40' title="bbox 458 3689 2030 3761">
     <span class='ocr_line' id='line_1_40' title="bbox 458 3689 2030 3761; baseline 0 -14"><span class='ocrx_word' id='word_1_299' title='bbox 458 3704 629 3747; x_wconf 87' lang='lat' dir='ltr'><strong>mater</strong></span> <span class='ocrx_word' id='word_1_300' title='bbox 670 3703 854 3747; x_wconf 85' lang='lat' dir='ltr'><strong>nostra</strong></span> <span class='ocrx_word' id='word_1_301' title='bbox 882 3692 965 3745; x_wconf 81' lang='lat'><strong>&quot;:</strong></span> <span class='ocrx_word' id='word_1_302' title='bbox 1003 3690 1262 3745; x_wconf 84' lang='lat' dir='ltr'><strong>videbunt</strong></span> <span class='ocrx_word' id='word_1_303' title='bbox 1302 3689 1452 3744; x_wconf 80' lang='lat' dir='ltr'><strong>bona</strong></span> <span class='ocrx_word' id='word_1_304' title='bbox 1503 3690 1648 3744; x_wconf 89' lang='lat' dir='ltr'><strong>illius</strong></span> <span class='ocrx_word' id='word_1_305' title='bbox 1672 3729 1688 3754; x_wconf 92' lang='lat'><strong>,</strong></span> <span class='ocrx_word' id='word_1_306' title='bbox 1718 3690 1787 3746; x_wconf 88' lang='lat' dir='ltr'><strong>de</strong></span> <span class='ocrx_word' id='word_1_307' title='bbox 1830 3691 2030 3761; x_wconf 88' lang='lat' dir='ltr'><strong>quibus</strong></span> 
     </span>
    </p>
   </div>
   <div class='ocr_carea' id='block_1_41' title="bbox 457 3780 2027 3855">
    <p class='ocr_par' dir='ltr' id='par_1_41' title="bbox 457 3780 2027 3855">
     <span class='ocr_line' id='line_1_41' title="bbox 457 3780 2027 3855; baseline -0.003 -14"><span class='ocrx_word' id='word_1_308' title='bbox 457 3801 599 3855; x_wconf 57' lang='lat' dir='ltr'><strong>sa’pe</strong></span> <span class='ocrx_word' id='word_1_309' title='bbox 632 3785 873 3839; x_wconf 79' lang='lat' dir='ltr'><strong>diximus</strong></span> <span class='ocrx_word' id='word_1_310' title='bbox 896 3822 913 3848; x_wconf 90' lang='lat'><strong>,</strong></span> <span class='ocrx_word' id='word_1_311' title='bbox 960 3792 1012 3837; x_wconf 89' lang='lat' dir='ltr'><strong>et</strong></span> <span class='ocrx_word' id='word_1_312' title='bbox 1043 3782 1095 3835; x_wconf 89' lang='lat' dir='ltr'><strong>id</strong></span> <span class='ocrx_word' id='word_1_313' title='bbox 1126 3782 1268 3851; x_wconf 88' lang='lat' dir='ltr'><strong>quod</strong></span> <span class='ocrx_word' id='word_1_314' title='bbox 1311 3796 1457 3836; x_wconf 89' lang='lat' dir='ltr'><strong>nunc</strong></span> <span class='ocrx_word' id='word_1_315' title='bbox 1500 3780 1569 3836; x_wconf 91' lang='lat' dir='ltr'><strong>de</strong></span> <span class='ocrx_word' id='word_1_316' title='bbox 1601 3781 1811 3852; x_wconf 84' lang='lat' dir='ltr'><strong>psalmo</strong></span> <span class='ocrx_word' id='word_1_317' title='bbox 1838 3784 2027 3852; x_wconf 89' lang='lat' dir='ltr'><strong>posui-</strong></span> 
     </span>
    </p>
   </div>
   <div class='ocr_carea' id='block_1_42' title="bbox 458 3871 2028 3930">
    <p class='ocr_par' dir='ltr' id='par_1_42' title="bbox 458 3871 2028 3930">
     <span class='ocr_line' id='line_1_42' title="bbox 458 3871 2028 3930; baseline -0.001 -1"><span class='ocrx_word' id='word_1_318' title='bbox 458 3892 580 3930; x_wconf 89' lang='lat' dir='ltr'><strong>mus</strong></span> <span class='ocrx_word' id='word_1_319' title='bbox 603 3876 682 3930; x_wconf 72' lang='grc' dir='ltr'><strong>’τε</strong></span> <span class='ocrx_word' id='word_1_320' title='bbox 719 3874 868 3929; x_wconf 76' lang='lat' dir='ltr'><strong>Uxor</strong></span> <span class='ocrx_word' id='word_1_321' title='bbox 911 3886 1004 3928; x_wconf 90' lang='lat' dir='ltr'><strong>tua</strong></span> <span class='ocrx_word' id='word_1_322' title='bbox 1036 3873 1174 3927; x_wconf 80' lang='lat' dir='ltr'><strong>sicut</strong></span> <span class='ocrx_word' id='word_1_323' title='bbox 1210 3873 1332 3926; x_wconf 81' lang='lat' dir='ltr'><strong>vitis</strong></span> <span class='ocrx_word' id='word_1_324' title='bbox 1372 3871 1650 3926; x_wconf 90' lang='lat' dir='ltr'><strong>abundans</strong></span> <span class='ocrx_word' id='word_1_325' title='bbox 1698 3873 1751 3926; x_wconf 89' lang='lat' dir='ltr'><strong>in</strong></span> <span class='ocrx_word' id='word_1_326' title='bbox 1776 3872 2028 3927; x_wconf 82' lang='lat' dir='ltr'><strong>lateribus</strong></span> 
     </span>
    </p>
   </div>
   <div class='ocr_carea' id='block_1_43' title="bbox 455 3962 2029 4031">
    <p class='ocr_par' dir='ltr' id='par_1_43' title="bbox 455 3962 2029 4031">
     <span class='ocr_line' id='line_1_43' title="bbox 455 3962 2029 4031; baseline -0.002 -10"><span class='ocrx_word' id='word_1_327' title='bbox 455 3971 641 4021; x_wconf 88' lang='lat' dir='ltr'><strong>domus</strong></span> <span class='ocrx_word' id='word_1_328' title='bbox 671 3978 793 4031; x_wconf 76' lang='lat' dir='ltr'><strong>tute,</strong></span> <span class='ocrx_word' id='word_1_329' title='bbox 821 3966 920 4025; x_wconf 81' lang='lat' dir='ltr'><strong>ﬁlii</strong></span> <span class='ocrx_word' id='word_1_330' title='bbox 946 3964 1175 4018; x_wconf 77' lang='lat' dir='ltr'><strong>tuisicut</strong></span> <span class='ocrx_word' id='word_1_331' title='bbox 1202 3962 1419 4017; x_wconf 66' lang='lat' dir='ltr'><strong>novella:</strong></span> <span class='ocrx_word' id='word_1_332' title='bbox 1440 3962 1699 4017; x_wconf 82' lang='lat' dir='ltr'><strong>olivarum</strong></span> <span class='ocrx_word' id='word_1_333' title='bbox 1724 3963 1778 4016; x_wconf 90' lang='lat' dir='ltr'><strong>in</strong></span> <span class='ocrx_word' id='word_1_334' title='bbox 1803 3964 2029 4019; x_wconf 84' lang='lat' dir='ltr'><strong>circuitu</strong></span> 
     </span>
    </p>
   </div>
   <div class='ocr_carea' id='block_1_44' title="bbox 458 4053 2031 4126">
    <p class='ocr_par' dir='ltr' id='par_1_44' title="bbox 458 4053 2031 4126">
     <span class='ocr_line' id='line_1_44' title="bbox 458 4053 2031 4126; baseline -0.001 -14"><span class='ocrx_word' id='word_1_335' title='bbox 458 4075 649 4113; x_wconf 77' lang='lat' dir='ltr'><strong>mensa:</strong></span> <span class='ocrx_word' id='word_1_336' title='bbox 678 4069 802 4113; x_wconf 73' lang='lat' dir='ltr'><strong>tute.</strong></span> <span class='ocrx_word' id='word_1_337' title='bbox 834 4057 966 4123; x_wconf 65' lang='lat' dir='ltr'><strong>Quae</strong></span> <span class='ocrx_word' id='word_1_338' title='bbox 1005 4056 1192 4110; x_wconf 90' lang='lat' dir='ltr'><strong>omnia</strong></span> <span class='ocrx_word' id='word_1_339' title='bbox 1220 4054 1578 4124; x_wconf 83' lang='lat' dir='ltr'><strong>corporaliter</strong></span> <span class='ocrx_word' id='word_1_340' title='bbox 1607 4053 2031 4126; x_wconf 80' lang='lat' dir='ltr'><strong>intelligentibus</strong></span> 
     </span>
    </p>
   </div>
   <div class='ocr_carea' id='block_1_45' title="bbox 458 4146 2031 4219">
    <p class='ocr_par' dir='ltr' id='par_1_45' title="bbox 458 4146 2031 4219">
     <span class='ocr_line' id='line_1_45' title="bbox 458 4146 2031 4219; baseline 0 -15"><span class='ocrx_word' id='word_1_341' title='bbox 458 4152 792 4213; x_wconf 71' lang='lat' dir='ltr'><strong>Saddneteis,</strong></span> <span class='ocrx_word' id='word_1_342' title='bbox 825 4148 963 4219; x_wconf 83' lang='grc'><strong>(10)</strong></span> <span class='ocrx_word' id='word_1_343' title='bbox 994 4147 1089 4218; x_wconf 91' lang='lat' dir='ltr'><strong>qui</strong></span> <span class='ocrx_word' id='word_1_344' title='bbox 1119 4156 1276 4201; x_wconf 89' lang='lat' dir='ltr'><strong>erant</strong></span> <span class='ocrx_word' id='word_1_345' title='bbox 1312 4147 1494 4218; x_wconf 87' lang='lat' dir='ltr'><strong>portio</strong></span> <span class='ocrx_word' id='word_1_346' title='bbox 1521 4146 1866 4214; x_wconf 74' lang='lat' dir='ltr'><strong>Judaeorum,</strong></span> <span class='ocrx_word' id='word_1_347' title='bbox 1900 4149 2031 4204; x_wconf 87' lang='lat' dir='ltr'><strong>dicit</strong></span> 
     </span>
    </p>
   </div>
   <div class='ocr_carea' id='block_1_46' title="bbox 459 4235 2027 4306">
    <p class='ocr_par' dir='ltr' id='par_1_46' title="bbox 459 4235 2027 4306">
     <span class='ocr_line' id='line_1_46' title="bbox 459 4235 2027 4306; baseline 0.001 -13"><span class='ocrx_word' id='word_1_348' title='bbox 459 4242 707 4293; x_wconf 74' lang='lat' dir='ltr'><strong>Salvator</strong></span> <span class='ocrx_word' id='word_1_349' title='bbox 726 4238 806 4293; x_wconf 78' lang='lat'><strong>&quot;:</strong></span> <span class='ocrx_word' id='word_1_350' title='bbox 844 4235 1076 4290; x_wconf 84' lang='lat' dir='ltr'><strong>Nescitis</strong></span> <span class='ocrx_word' id='word_1_351' title='bbox 1103 4235 1432 4305; x_wconf 83' lang='lat' dir='ltr'><strong>Scripturas,</strong></span> <span class='ocrx_word' id='word_1_352' title='bbox 1456 4252 1617 4306; x_wconf 84' lang='lat' dir='ltr'><strong>neque</strong></span> <span class='ocrx_word' id='word_1_353' title='bbox 1647 4238 1887 4292; x_wconf 82' lang='lat' dir='ltr'><strong>virtutem</strong></span> <span class='ocrx_word' id='word_1_354' title='bbox 1912 4238 2027 4294; x_wconf 87' lang='lat' dir='ltr'><strong>Dei.</strong></span> 
     </span>
    </p>
   </div>
   <div class='ocr_carea' id='block_1_47' title="bbox 461 4323 2031 4398">
    <p class='ocr_par' dir='ltr' id='par_1_47' title="bbox 461 4323 2031 4398">
     <span class='ocr_line' id='line_1_47' title="bbox 461 4323 2031 4398; baseline -0.002 -15"><span class='ocrx_word' id='word_1_355' title='bbox 461 4330 582 4383; x_wconf 83' lang='lat' dir='ltr'><strong>I|.cc</strong></span> <span class='ocrx_word' id='word_1_356' title='bbox 607 4328 675 4382; x_wconf 89' lang='lat' dir='ltr'><strong>de</strong></span> <span class='ocrx_word' id='word_1_357' title='bbox 706 4326 1025 4398; x_wconf 59' lang='lat' dir='ltr'><strong>quaestione,</strong></span> <span class='ocrx_word' id='word_1_358' title='bbox 1057 4338 1222 4393; x_wconf 89' lang='lat' dir='ltr'><strong>quam</strong></span> <span class='ocrx_word' id='word_1_359' title='bbox 1256 4323 1538 4378; x_wconf 67' lang='lat' dir='ltr'><strong>Sadducaai</strong></span> <span class='ocrx_word' id='word_1_360' title='bbox 1574 4323 1802 4379; x_wconf 87' lang='lat' dir='ltr'><strong>Domino</strong></span> <span class='ocrx_word' id='word_1_361' title='bbox 1832 4340 2031 4397; x_wconf 77' lang='lat' dir='ltr'><strong>propo-</strong></span> 
     </span>
    </p>
   </div>
   <div class='ocr_carea' id='block_1_48' title="bbox 2119 490 3716 563">
    <p class='ocr_par' dir='ltr' id='par_1_48' title="bbox 2119 490 3716 563">
     <span class='ocr_line' id='line_1_48' title="bbox 2119 490 3716 563; baseline 0.001 -15"><span class='ocrx_word' id='word_1_362' title='bbox 2119 495 2281 560; x_wconf 88' lang='lat' dir='ltr'><strong>saris,</strong></span> <span class='ocrx_word' id='word_1_363' title='bbox 2307 493 2507 547; x_wconf 68' lang='lat' dir='ltr'><strong>Ca&#39;sari</strong></span> <span class='ocrx_word' id='word_1_364' title='bbox 2524 533 2538 557; x_wconf 91' lang='lat'><strong>,</strong></span> <span class='ocrx_word' id='word_1_365' title='bbox 2574 490 2626 544; x_wconf 89' lang='lat' dir='ltr'><strong>id</strong></span> <span class='ocrx_word' id='word_1_366' title='bbox 2654 501 2737 547; x_wconf 81' lang='lat' dir='ltr'><strong>est</strong></span> <span class='ocrx_word' id='word_1_367' title='bbox 2766 493 3027 546; x_wconf 89' lang='lat' dir='ltr'><strong>tributum</strong></span> <span class='ocrx_word' id='word_1_368' title='bbox 3054 490 3259 547; x_wconf 71' lang='lat' dir='ltr'><strong>reddite</strong></span> <span class='ocrx_word' id='word_1_369' title='bbox 3291 492 3436 563; x_wconf 82' lang='lat' dir='ltr'><strong>quod</strong></span> <span class='ocrx_word' id='word_1_370' title='bbox 3465 493 3716 549; x_wconf 76' lang='lat' dir='ltr'><strong>debetis.</strong></span> 
     </span>
    </p>
   </div>
   <div class='ocr_carea' id='block_1_49' title="bbox 2120 585 3716 657">
    <p class='ocr_par' dir='ltr' id='par_1_49' title="bbox 2120 585 3716 657">
     <span class='ocr_line' id='line_1_49' title="bbox 2120 585 3716 657; baseline -0.002 -13"><span class='ocrx_word' id='word_1_371' title='bbox 2120 588 2256 657; x_wconf 86' lang='lat' dir='ltr'><strong>Quis</strong></span> <span class='ocrx_word' id='word_1_372' title='bbox 2300 590 2446 644; x_wconf 89' lang='lat' dir='ltr'><strong>enim</strong></span> <span class='ocrx_word' id='word_1_373' title='bbox 2493 596 2741 643; x_wconf 88' lang='lat' dir='ltr'><strong>nostrum</strong></span> <span class='ocrx_word' id='word_1_374' title='bbox 2792 585 2860 641; x_wconf 89' lang='lat' dir='ltr'><strong>de</strong></span> <span class='ocrx_word' id='word_1_375' title='bbox 2914 586 3136 642; x_wconf 88' lang='lat' dir='ltr'><strong>tributis</strong></span> <span class='ocrx_word' id='word_1_376' title='bbox 3166 586 3454 643; x_wconf 87' lang='lat' dir='ltr'><strong>reddendis</strong></span> <span class='ocrx_word' id='word_1_377' title='bbox 3496 588 3716 643; x_wconf 74' lang='lat' dir='ltr'><strong>Caesari</strong></span> 
     </span>
    </p>
   </div>
   <div class='ocr_carea' id='block_1_50' title="bbox 2119 677 3718 750">
    <p class='ocr_par' dir='ltr' id='par_1_50' title="bbox 2119 677 3718 750">
     <span class='ocr_line' id='line_1_50' title="bbox 2119 677 3718 750; baseline -0.002 -14"><span class='ocrx_word' id='word_1_378' title='bbox 2119 680 2485 736; x_wconf 83' lang='lat' dir='ltr'><strong>contradicit?</strong></span> <span class='ocrx_word' id='word_1_379' title='bbox 2514 678 2687 735; x_wconf 86' lang='lat' dir='ltr'><strong>Habet</strong></span> <span class='ocrx_word' id='word_1_380' title='bbox 2714 678 2875 749; x_wconf 90' lang='lat' dir='ltr'><strong>igitur</strong></span> <span class='ocrx_word' id='word_1_381' title='bbox 2908 680 3063 734; x_wconf 84' lang='lat' dir='ltr'><strong>locus</strong></span> <span class='ocrx_word' id='word_1_382' title='bbox 3089 677 3346 749; x_wconf 85' lang='lat' dir='ltr'><strong>quiddam</strong></span> <span class='ocrx_word' id='word_1_383' title='bbox 3380 679 3598 750; x_wconf 80' lang='lat' dir='ltr'><strong>mystici</strong></span> <span class='ocrx_word' id='word_1_384' title='bbox 3629 689 3718 733; x_wconf 86' lang='lat' dir='ltr'><strong>at-</strong></span> 
     </span>
    </p>
   </div>
   <div class='ocr_carea' id='block_1_51' title="bbox 2120 771 3710 844">
    <p class='ocr_par' dir='ltr' id='par_1_51' title="bbox 2120 771 3710 844">
     <span class='ocr_line' id='line_1_51' title="bbox 2120 771 3710 844; baseline -0.001 -15"><span class='ocrx_word' id='word_1_385' title='bbox 2120 787 2228 844; x_wconf 85' lang='lat' dir='ltr'><strong>que</strong></span> <span class='ocrx_word' id='word_1_386' title='bbox 2248 774 2462 829; x_wconf 87' lang='lat' dir='ltr'><strong>secreti.</strong></span> <span class='ocrx_word' id='word_1_387' title='bbox 2484 771 2616 827; x_wconf 67' lang='lat' dir='ltr'><strong>Duas</strong></span> <span class='ocrx_word' id='word_1_388' title='bbox 2637 779 2767 828; x_wconf 91' lang='lat' dir='ltr'><strong>sunt</strong></span> <span class='ocrx_word' id='word_1_389' title='bbox 2794 771 3058 842; x_wconf 79' lang='lat' dir='ltr'><strong>imagines</strong></span> <span class='ocrx_word' id='word_1_390' title='bbox 3094 772 3353 839; x_wconf 87' lang='lat' dir='ltr'><strong>hominis,</strong></span> <span class='ocrx_word' id='word_1_391' title='bbox 3385 788 3492 827; x_wconf 92' lang='lat' dir='ltr'><strong>una</strong></span> <span class='ocrx_word' id='word_1_392' title='bbox 3532 789 3710 843; x_wconf 86' lang='lat' dir='ltr'><strong>quam</strong></span> 
     </span>
    </p>
   </div>
   <div class='ocr_carea' id='block_1_52' title="bbox 2121 864 3709 936">
    <p class='ocr_par' dir='ltr' id='par_1_52' title="bbox 2121 864 3709 936">
     <span class='ocr_line' id='line_1_52' title="bbox 2121 864 3709 936; baseline 0 -15"><span class='ocrx_word' id='word_1_393' title='bbox 2121 866 2329 936; x_wconf 87' lang='lat' dir='ltr'><strong>accepit</strong></span> <span class='ocrx_word' id='word_1_394' title='bbox 2372 880 2401 919; x_wconf 89' lang='lat' dir='ltr'><strong>a</strong></span> <span class='ocrx_word' id='word_1_395' title='bbox 2440 865 2550 920; x_wconf 87' lang='lat' dir='ltr'><strong>Deo</strong></span> <span class='ocrx_word' id='word_1_396' title='bbox 2597 864 2774 921; x_wconf 81' lang='lat' dir='ltr'><strong>factus</strong></span> <span class='ocrx_word' id='word_1_397' title='bbox 2810 866 2862 919; x_wconf 92' lang='lat' dir='ltr'><strong>in</strong></span> <span class='ocrx_word' id='word_1_398' title='bbox 2897 865 3192 936; x_wconf 90' lang='lat' dir='ltr'><strong>principio,</strong></span> <span class='ocrx_word' id='word_1_399' title='bbox 3242 865 3387 921; x_wconf 86' lang='lat' dir='ltr'><strong>sicut</strong></span> <span class='ocrx_word' id='word_1_400' title='bbox 3416 867 3467 919; x_wconf 94' lang='lat' dir='ltr'><strong>in</strong></span> <span class='ocrx_word' id='word_1_401' title='bbox 3497 865 3709 922; x_wconf 74' lang='lat' dir='ltr'><strong>Genesi</strong></span> 
     </span>
    </p>
   </div>
   <div class='ocr_carea' id='block_1_53' title="bbox 2121 955 3706 1027">
    <p class='ocr_par' dir='ltr' id='par_1_53' title="bbox 2121 955 3706 1027">
     <span class='ocr_line' id='line_1_53' title="bbox 2121 955 3706 1027; baseline -0.004 -13"><span class='ocrx_word' id='word_1_402' title='bbox 2121 957 2383 1027; x_wconf 90' lang='lat' dir='ltr'><strong>scriptum</strong></span> <span class='ocrx_word' id='word_1_403' title='bbox 2425 964 2509 1013; x_wconf 90' lang='lat' dir='ltr'><strong>est</strong></span> <span class='ocrx_word' id='word_1_404' title='bbox 2529 956 2615 1010; x_wconf 80' lang='lat' dir='ltr'><strong>&quot;z</strong></span> <span class='ocrx_word' id='word_1_405' title='bbox 2665 955 2839 1011; x_wconf 67' lang='lat' dir='ltr'><strong>Juxta</strong></span> <span class='ocrx_word' id='word_1_406' title='bbox 2877 956 3161 1026; x_wconf 79' lang='lat' dir='ltr'><strong>imaginem</strong></span> <span class='ocrx_word' id='word_1_407' title='bbox 3198 970 3249 1009; x_wconf 85' lang='lat' dir='ltr'><strong>et</strong></span> <span class='ocrx_word' id='word_1_408' title='bbox 3289 955 3706 1009; x_wconf 76' lang='lat' dir='ltr'><strong>similitudinem</strong></span> 
     </span>
    </p>
   </div>
   <div class='ocr_carea' id='block_1_54' title="bbox 2121 1046 3703 1118">
    <p class='ocr_par' dir='ltr' id='par_1_54' title="bbox 2121 1046 3703 1118">
     <span class='ocr_line' id='line_1_54' title="bbox 2121 1046 3703 1118; baseline -0.001 -16"><span class='ocrx_word' id='word_1_409' title='bbox 2121 1048 2264 1115; x_wconf 84' lang='lat' dir='ltr'><strong>Dei;</strong></span> <span class='ocrx_word' id='word_1_410' title='bbox 2298 1049 2468 1104; x_wconf 89' lang='lat' dir='ltr'><strong>altera</strong></span> <span class='ocrx_word' id='word_1_411' title='bbox 2500 1047 2710 1112; x_wconf 90' lang='lat' dir='ltr'><strong>choici,</strong></span> <span class='ocrx_word' id='word_1_412' title='bbox 2755 1046 2808 1102; x_wconf 88' lang='lat' dir='ltr'><strong>id</strong></span> <span class='ocrx_word' id='word_1_413' title='bbox 2846 1057 2931 1102; x_wconf 89' lang='lat' dir='ltr'><strong>est</strong></span> <span class='ocrx_word' id='word_1_414' title='bbox 2973 1047 3205 1113; x_wconf 86' lang='lat' dir='ltr'><strong>terreni,</strong></span> <span class='ocrx_word' id='word_1_415' title='bbox 3242 1054 3529 1118; x_wconf 87' lang='lat' dir='ltr'><strong>postquam</strong></span> <span class='ocrx_word' id='word_1_416' title='bbox 3565 1063 3703 1116; x_wconf 85' lang='lat' dir='ltr'><strong>pro-</strong></span> 
     </span>
    </p>
   </div>
   <div class='ocr_carea' id='block_1_55' title="bbox 2121 1137 3701 1210">
    <p class='ocr_par' dir='ltr' id='par_1_55' title="bbox 2121 1137 3701 1210">
     <span class='ocr_line' id='line_1_55' title="bbox 2121 1137 3701 1210; baseline -0.003 -16"><span class='ocrx_word' id='word_1_417' title='bbox 2121 1148 2239 1210; x_wconf 91' lang='lat' dir='ltr'><strong>pter</strong></span> <span class='ocrx_word' id='word_1_418' title='bbox 2274 1140 2699 1195; x_wconf 85' lang='lat' dir='ltr'><strong>inobedicutiam</strong></span> <span class='ocrx_word' id='word_1_419' title='bbox 2731 1148 2894 1209; x_wconf 87' lang='lat' dir='ltr'><strong>atque</strong></span> <span class='ocrx_word' id='word_1_420' title='bbox 2936 1146 3217 1208; x_wconf 84' lang='lat' dir='ltr'><strong>peccatum</strong></span> <span class='ocrx_word' id='word_1_421' title='bbox 3256 1137 3461 1207; x_wconf 79' lang='lat' dir='ltr'><strong>ejectus</strong></span> <span class='ocrx_word' id='word_1_422' title='bbox 3502 1139 3569 1192; x_wconf 89' lang='lat' dir='ltr'><strong>de</strong></span> <span class='ocrx_word' id='word_1_423' title='bbox 3599 1152 3701 1207; x_wconf 67' lang='grc' dir='ltr'><strong>ρας</strong></span> 
     </span>
    </p>
   </div>
   <div class='ocr_carea' id='block_1_56' title="bbox 2124 1226 3703 1299">
    <p class='ocr_par' dir='ltr' id='par_1_56' title="bbox 2124 1226 3703 1299">
     <span class='ocr_line' id='line_1_56' title="bbox 2124 1226 3703 1299; baseline -0.003 -13"><span class='ocrx_word' id='word_1_424' title='bbox 2124 1229 2308 1286; x_wconf 88' lang='lat' dir='ltr'><strong>radiso</strong></span> <span class='ocrx_word' id='word_1_425' title='bbox 2331 1229 2632 1299; x_wconf 89' lang='lat' dir='ltr'><strong>assumpsit</strong></span> <span class='ocrx_word' id='word_1_426' title='bbox 2654 1244 2797 1295; x_wconf 90' lang='lat' dir='ltr'><strong>eam,</strong></span> <span class='ocrx_word' id='word_1_427' title='bbox 2814 1226 3074 1299; x_wconf 83' lang='lat' dir='ltr'><strong>principis</strong></span> <span class='ocrx_word' id='word_1_428' title='bbox 3099 1226 3284 1282; x_wconf 75' lang='lat' dir='ltr'><strong>szeculi</strong></span> <span class='ocrx_word' id='word_1_429' title='bbox 3314 1226 3476 1296; x_wconf 77' lang='lat' dir='ltr'><strong>hujus</strong></span> <span class='ocrx_word' id='word_1_430' title='bbox 3499 1240 3703 1281; x_wconf 85' lang='lat' dir='ltr'><strong>suasus</strong></span> 
     </span>
    </p>
   </div>
   <div class='ocr_carea' id='block_1_57' title="bbox 2122 1315 3701 1386">
    <p class='ocr_par' dir='ltr' id='par_1_57' title="bbox 2122 1315 3701 1386">
     <span class='ocr_line' id='line_1_57' title="bbox 2122 1315 3701 1386; baseline -0.004 -12"><span class='ocrx_word' id='word_1_431' title='bbox 2122 1319 2419 1376; x_wconf 84' lang='lat' dir='ltr'><strong>illecebris.</strong></span> <span class='ocrx_word' id='word_1_432' title='bbox 2458 1318 2613 1374; x_wconf 87' lang='lat' dir='ltr'><strong>Sicut</strong></span> <span class='ocrx_word' id='word_1_433' title='bbox 2642 1319 2786 1373; x_wconf 91' lang='lat' dir='ltr'><strong>enim</strong></span> <span class='ocrx_word' id='word_1_434' title='bbox 2823 1330 3083 1372; x_wconf 91' lang='lat' dir='ltr'><strong>nummus</strong></span> <span class='ocrx_word' id='word_1_435' title='bbox 3112 1325 3275 1386; x_wconf 88' lang='lat' dir='ltr'><strong>atque</strong></span> <span class='ocrx_word' id='word_1_436' title='bbox 3306 1315 3566 1371; x_wconf 87' lang='lat' dir='ltr'><strong>denarius</strong></span> <span class='ocrx_word' id='word_1_437' title='bbox 3599 1315 3701 1369; x_wconf 90' lang='lat' dir='ltr'><strong>ha-</strong></span> 
     </span>
    </p>
   </div>
   <div class='ocr_carea' id='block_1_58' title="bbox 2124 1407 3702 1482">
    <p class='ocr_par' dir='ltr' id='par_1_58' title="bbox 2124 1407 3702 1482">
     <span class='ocr_line' id='line_1_58' title="bbox 2124 1407 3702 1482; baseline -0.006 -15"><span class='ocrx_word' id='word_1_438' title='bbox 2124 1412 2214 1467; x_wconf 91' lang='lat' dir='ltr'><strong>bet</strong></span> <span class='ocrx_word' id='word_1_439' title='bbox 2259 1411 2551 1482; x_wconf 78' lang='lat' dir='ltr'><strong>imaginem</strong></span> <span class='ocrx_word' id='word_1_440' title='bbox 2594 1411 2987 1481; x_wconf 89' lang='lat' dir='ltr'><strong>imperatorum</strong></span> <span class='ocrx_word' id='word_1_441' title='bbox 3030 1408 3219 1462; x_wconf 90' lang='lat' dir='ltr'><strong>mundi</strong></span> <span class='ocrx_word' id='word_1_442' title='bbox 3254 1424 3269 1475; x_wconf 89' lang='lat'><strong>;</strong></span> <span class='ocrx_word' id='word_1_443' title='bbox 3310 1408 3391 1464; x_wconf 91' lang='lat' dir='ltr'><strong>sic</strong></span> <span class='ocrx_word' id='word_1_444' title='bbox 3430 1407 3526 1478; x_wconf 92' lang='lat' dir='ltr'><strong>qni</strong></span> <span class='ocrx_word' id='word_1_445' title='bbox 3569 1407 3702 1462; x_wconf 80' lang='lat' dir='ltr'><strong>facit</strong></span> 
     </span>
    </p>
   </div>
   <div class='ocr_carea' id='block_1_59' title="bbox 2124 1500 3700 1573">
    <p class='ocr_par' dir='ltr' id='par_1_59' title="bbox 2124 1500 3700 1573">
     <span class='ocr_line' id='line_1_59' title="bbox 2124 1500 3700 1573; baseline -0.001 -16"><span class='ocrx_word' id='word_1_446' title='bbox 2124 1518 2288 1573; x_wconf 81' lang='lat' dir='ltr'><strong>opera</strong></span> <span class='ocrx_word' id='word_1_447' title='bbox 2315 1502 2543 1559; x_wconf 84' lang='lat' dir='ltr'><strong>rectoris</strong></span> <span class='ocrx_word' id='word_1_448' title='bbox 2567 1502 2915 1557; x_wconf 87' lang='lat' dir='ltr'><strong>tenebrarum</strong></span> <span class='ocrx_word' id='word_1_449' title='bbox 2941 1503 3194 1566; x_wconf 90' lang='lat' dir='ltr'><strong>istarum,</strong></span> <span class='ocrx_word' id='word_1_450' title='bbox 3213 1508 3391 1569; x_wconf 88' lang='lat' dir='ltr'><strong>portat</strong></span> <span class='ocrx_word' id='word_1_451' title='bbox 3407 1500 3700 1571; x_wconf 84' lang='lat' dir='ltr'><strong>imaginem</strong></span> 
     </span>
    </p>
   </div>
   <div class='ocr_carea' id='block_1_60' title="bbox 2123 1589 3703 1667">
    <p class='ocr_par' dir='ltr' id='par_1_60' title="bbox 2123 1589 3703 1667">
     <span class='ocr_line' id='line_1_60' title="bbox 2123 1589 3703 1667; baseline -0.003 -15"><span class='ocrx_word' id='word_1_452' title='bbox 2123 1597 2244 1667; x_wconf 87' lang='lat' dir='ltr'><strong>ejus</strong></span> <span class='ocrx_word' id='word_1_453' title='bbox 2265 1596 2431 1667; x_wconf 78' lang='lat' dir='ltr'><strong>cujus</strong></span> <span class='ocrx_word' id='word_1_454' title='bbox 2460 1594 2623 1649; x_wconf 88' lang='lat' dir='ltr'><strong>habet</strong></span> <span class='ocrx_word' id='word_1_455' title='bbox 2650 1609 2814 1663; x_wconf 86' lang='lat' dir='ltr'><strong>opera</strong></span> <span class='ocrx_word' id='word_1_456' title='bbox 2846 1609 2861 1659; x_wconf 90' lang='lat'><strong>;</strong></span> <span class='ocrx_word' id='word_1_457' title='bbox 2894 1608 3058 1663; x_wconf 90' lang='lat' dir='ltr'><strong>quam</strong></span> <span class='ocrx_word' id='word_1_458' title='bbox 3100 1591 3352 1662; x_wconf 61' lang='lat' dir='ltr'><strong>praecepit</strong></span> <span class='ocrx_word' id='word_1_459' title='bbox 3386 1589 3548 1647; x_wconf 68' lang='lat' dir='ltr'><strong>Iesus</strong></span> <span class='ocrx_word' id='word_1_460' title='bbox 3576 1608 3703 1647; x_wconf 82' lang='lat' dir='ltr'><strong>esse</strong></span> 
     </span>
    </p>
   </div>
   <div class='ocr_carea' id='block_1_61' title="bbox 2126 1685 3703 1758">
    <p class='ocr_par' dir='ltr' id='par_1_61' title="bbox 2126 1685 3703 1758">
     <span class='ocr_line' id='line_1_61' title="bbox 2126 1685 3703 1758; baseline -0.004 -12"><span class='ocrx_word' id='word_1_461' title='bbox 2126 1691 2454 1747; x_wconf 86' lang='lat' dir='ltr'><strong>reddendam</strong></span> <span class='ocrx_word' id='word_1_462' title='bbox 2490 1698 2543 1744; x_wconf 89' lang='lat' dir='ltr'><strong>et</strong></span> <span class='ocrx_word' id='word_1_463' title='bbox 2572 1687 2963 1758; x_wconf 82' lang='lat' dir='ltr'><strong>projiciendam</strong></span> <span class='ocrx_word' id='word_1_464' title='bbox 2996 1686 3065 1742; x_wconf 88' lang='lat' dir='ltr'><strong>de</strong></span> <span class='ocrx_word' id='word_1_465' title='bbox 3102 1685 3251 1740; x_wconf 69' lang='lat' dir='ltr'><strong>vultu</strong></span> <span class='ocrx_word' id='word_1_466' title='bbox 3284 1695 3472 1740; x_wconf 89' lang='lat' dir='ltr'><strong>nostro</strong></span> <span class='ocrx_word' id='word_1_467' title='bbox 3495 1725 3510 1749; x_wconf 88' lang='lat'><strong>,</strong></span> <span class='ocrx_word' id='word_1_468' title='bbox 3543 1700 3703 1740; x_wconf 82' lang='lat' dir='ltr'><strong>assu-</strong></span> 
     </span>
    </p>
   </div>
   <div class='ocr_carea' id='block_1_62' title="bbox 2126 1776 3703 1852">
    <p class='ocr_par' dir='ltr' id='par_1_62' title="bbox 2126 1776 3703 1852">
     <span class='ocr_line' id='line_1_62' title="bbox 2126 1776 3703 1852; baseline -0.003 -14"><span class='ocrx_word' id='word_1_469' title='bbox 2126 1782 2486 1852; x_wconf 89' lang='lat' dir='ltr'><strong>mendamqne</strong></span> <span class='ocrx_word' id='word_1_470' title='bbox 2514 1794 2633 1835; x_wconf 89' lang='lat' dir='ltr'><strong>eam</strong></span> <span class='ocrx_word' id='word_1_471' title='bbox 2660 1778 2973 1848; x_wconf 84' lang='lat' dir='ltr'><strong>imaginem.</strong></span> <span class='ocrx_word' id='word_1_472' title='bbox 2996 1778 3153 1848; x_wconf 73' lang='lat' dir='ltr'><strong>juxta</strong></span> <span class='ocrx_word' id='word_1_473' title='bbox 3181 1791 3343 1847; x_wconf 88' lang='lat' dir='ltr'><strong>quam</strong></span> <span class='ocrx_word' id='word_1_474' title='bbox 3374 1792 3405 1830; x_wconf 90' lang='lat' dir='ltr'><strong>a</strong></span> <span class='ocrx_word' id='word_1_475' title='bbox 3430 1776 3703 1847; x_wconf 83' lang='lat' dir='ltr'><strong>principio</strong></span> 
     </span>
    </p>
   </div>
   <div class='ocr_carea' id='block_1_63' title="bbox 2124 1866 3699 1938">
    <p class='ocr_par' dir='ltr' id='par_1_63' title="bbox 2124 1866 3699 1938">
     <span class='ocr_line' id='line_1_63' title="bbox 2124 1866 3699 1938; baseline -0.005 -9"><span class='ocrx_word' id='word_1_476' title='bbox 2124 1875 2190 1930; x_wconf 91' lang='lat' dir='ltr'><strong>ad</strong></span> <span class='ocrx_word' id='word_1_477' title='bbox 2226 1873 2636 1930; x_wconf 83' lang='lat' dir='ltr'><strong>similitudinem</strong></span> <span class='ocrx_word' id='word_1_478' title='bbox 2671 1870 2764 1925; x_wconf 86' lang='lat' dir='ltr'><strong>Dei</strong></span> <span class='ocrx_word' id='word_1_479' title='bbox 2798 1869 3001 1924; x_wconf 89' lang='lat' dir='ltr'><strong>conditi</strong></span> <span class='ocrx_word' id='word_1_480' title='bbox 3042 1883 3255 1924; x_wconf 90' lang='lat' dir='ltr'><strong>sumus.</strong></span> <span class='ocrx_word' id='word_1_481' title='bbox 3282 1867 3459 1938; x_wconf 85' lang='lat' dir='ltr'><strong>Atque</strong></span> <span class='ocrx_word' id='word_1_482' title='bbox 3489 1866 3563 1923; x_wconf 90' lang='lat' dir='ltr'><strong>ita</strong></span> <span class='ocrx_word' id='word_1_483' title='bbox 3608 1871 3699 1930; x_wconf 88' lang='lat' dir='ltr'><strong>tit,</strong></span> 
     </span>
    </p>
   </div>
   <div class='ocr_carea' id='block_1_64' title="bbox 2125 1959 3702 2037">
    <p class='ocr_par' dir='ltr' id='par_1_64' title="bbox 2125 1959 3702 2037">
     <span class='ocr_line' id='line_1_64' title="bbox 2125 1959 3702 2037; baseline -0.006 -15"><span class='ocrx_word' id='word_1_484' title='bbox 2125 1975 2184 2022; x_wconf 91' lang='lat' dir='ltr'><strong>ut</strong></span> <span class='ocrx_word' id='word_1_485' title='bbox 2214 1982 2335 2037; x_wconf 72' lang='lat' dir='ltr'><strong>qua:</strong></span> <span class='ocrx_word' id='word_1_486' title='bbox 2362 1963 2595 2019; x_wconf 63' lang='lat' dir='ltr'><strong>Caesaris</strong></span> <span class='ocrx_word' id='word_1_487' title='bbox 2633 1970 2795 2029; x_wconf 92' lang='lat' dir='ltr'><strong>sunt,</strong></span> <span class='ocrx_word' id='word_1_488' title='bbox 2840 1961 3042 2017; x_wconf 72' lang='lat' dir='ltr'><strong>Cresari</strong></span> <span class='ocrx_word' id='word_1_489' title='bbox 3061 2001 3078 2028; x_wconf 92' lang='lat'><strong>,</strong></span> <span class='ocrx_word' id='word_1_490' title='bbox 3106 1967 3161 2015; x_wconf 86' lang='lat' dir='ltr'><strong>et</strong></span> <span class='ocrx_word' id='word_1_491' title='bbox 3188 1974 3311 2030; x_wconf 63' lang='lat' dir='ltr'><strong>quite</strong></span> <span class='ocrx_word' id='word_1_492' title='bbox 3341 1959 3472 2024; x_wconf 89' lang='lat' dir='ltr'><strong>Dei,</strong></span> <span class='ocrx_word' id='word_1_493' title='bbox 3507 1960 3702 2014; x_wconf 86' lang='lat' dir='ltr'><strong>redda-</strong></span> 
     </span>
    </p>
   </div>
   <div class='ocr_carea' id='block_1_65' title="bbox 2125 2049 3702 2124">
    <p class='ocr_par' dir='ltr' id='par_1_65' title="bbox 2125 2049 3702 2124">
     <span class='ocr_line' id='line_1_65' title="bbox 2125 2049 3702 2124; baseline -0.006 -10"><span class='ocrx_word' id='word_1_494' title='bbox 2125 2073 2249 2114; x_wconf 91' lang='lat' dir='ltr'><strong>mus</strong></span> <span class='ocrx_word' id='word_1_495' title='bbox 2302 2056 2432 2112; x_wconf 81' lang='lat' dir='ltr'><strong>Dro.</strong></span> <span class='ocrx_word' id='word_1_496' title='bbox 2494 2055 2786 2122; x_wconf 84' lang='lat' dir='ltr'><strong>Ostendite,</strong></span> <span class='ocrx_word' id='word_1_497' title='bbox 2833 2054 3028 2124; x_wconf 88' lang='lat' dir='ltr'><strong>inquit,</strong></span> <span class='ocrx_word' id='word_1_498' title='bbox 3076 2051 3206 2106; x_wconf 87' lang='lat' dir='ltr'><strong>mihi</strong></span> <span class='ocrx_word' id='word_1_499' title='bbox 3260 2067 3549 2105; x_wconf 79' lang='lat' dir='ltr'><strong>nummum.</strong></span> <span class='ocrx_word' id='word_1_500' title='bbox 3589 2049 3702 2105; x_wconf 88' lang='lat' dir='ltr'><strong>Pro</strong></span> 
     </span>
    </p>
   </div>
   <div class='ocr_carea' id='block_1_66' title="bbox 2124 2141 3705 2221">
    <p class='ocr_par' dir='ltr' id='par_1_66' title="bbox 2124 2141 3705 2221">
     <span class='ocr_line' id='line_1_66' title="bbox 2124 2141 3705 2221; baseline -0.007 -15"><span class='ocrx_word' id='word_1_501' title='bbox 2124 2165 2235 2221; x_wconf 93' lang='lat' dir='ltr'><strong>quo</strong></span> <span class='ocrx_word' id='word_1_502' title='bbox 2267 2150 2319 2203; x_wconf 94' lang='lat' dir='ltr'><strong>in</strong></span> <span class='ocrx_word' id='word_1_503' title='bbox 2354 2147 2607 2203; x_wconf 69' lang='lat' dir='ltr'><strong>Mattbreo</strong></span> <span class='ocrx_word' id='word_1_504' title='bbox 2630 2147 2647 2178; x_wconf 81' lang='grc'>¹</span> <span class='ocrx_word' id='word_1_505' title='bbox 2676 2145 2934 2202; x_wconf 87' lang='lat' dir='ltr'><strong>scribitur</strong></span> <span class='ocrx_word' id='word_1_506' title='bbox 2965 2142 3245 2199; x_wconf 89' lang='lat' dir='ltr'><strong>denarius.</strong></span> <span class='ocrx_word' id='word_1_507' title='bbox 3275 2141 3438 2207; x_wconf 78' lang='lat' dir='ltr'><strong>Quem</strong></span> <span class='ocrx_word' id='word_1_508' title='bbox 3464 2158 3580 2196; x_wconf 88' lang='lat' dir='ltr'><strong>cum</strong></span> <span class='ocrx_word' id='word_1_509' title='bbox 3608 2158 3705 2196; x_wconf 88' lang='lat' dir='ltr'><strong>ac-</strong></span> 
     </span>
    </p>
   </div>
   <div class='ocr_carea' id='block_1_67' title="bbox 2126 2231 3704 2311">
    <p class='ocr_par' dir='ltr' id='par_1_67' title="bbox 2126 2231 3704 2311">
     <span class='ocr_line' id='line_1_67' title="bbox 2126 2231 3704 2311; baseline -0.006 -16"><span class='ocrx_word' id='word_1_510' title='bbox 2126 2241 2377 2311; x_wconf 82' lang='lat' dir='ltr'><strong>cepisset,</strong></span> <span class='ocrx_word' id='word_1_511' title='bbox 2407 2240 2483 2292; x_wconf 89' lang='lat' dir='ltr'><strong>ait</strong></span> <span class='ocrx_word' id='word_1_512' title='bbox 2509 2253 2526 2291; x_wconf 92' lang='lat'><strong><em>:</em></strong></span> <span class='ocrx_word' id='word_1_513' title='bbox 2556 2236 2722 2307; x_wconf 86' lang='lat' dir='ltr'><strong>Cujus</strong></span> <span class='ocrx_word' id='word_1_514' title='bbox 2756 2237 3095 2305; x_wconf 86' lang='lat' dir='ltr'><strong>scriptionem</strong></span> <span class='ocrx_word' id='word_1_515' title='bbox 3129 2232 3327 2289; x_wconf 79' lang='lat' dir='ltr'><strong>habet?</strong></span> <span class='ocrx_word' id='word_1_516' title='bbox 3356 2231 3462 2298; x_wconf 81' lang='lat' dir='ltr'><strong>Qui</strong></span> <span class='ocrx_word' id='word_1_517' title='bbox 3489 2248 3704 2302; x_wconf 82' lang='lat' dir='ltr'><strong>respon-</strong></span> 
     </span>
    </p>
   </div>
   <div class='ocr_carea' id='block_1_68' title="bbox 2121 2322 3704 2399">
    <p class='ocr_par' dir='ltr' id='par_1_68' title="bbox 2121 2322 3704 2399">
     <span class='ocr_line' id='line_1_68' title="bbox 2121 2322 3704 2399; baseline -0.006 -13"><span class='ocrx_word' id='word_1_518' title='bbox 2121 2332 2324 2399; x_wconf 86' lang='lat' dir='ltr'><strong>dentes,</strong></span> <span class='ocrx_word' id='word_1_519' title='bbox 2349 2331 2632 2384; x_wconf 68' lang='lat' dir='ltr'><strong>dixerunt:</strong></span> <span class='ocrx_word' id='word_1_520' title='bbox 2665 2326 2917 2383; x_wconf 76' lang='lat' dir='ltr'><strong>Ctesaris.</strong></span> <span class='ocrx_word' id='word_1_521' title='bbox 2948 2325 3032 2379; x_wconf 80' lang='lat' dir='ltr'><strong>Ad</strong></span> <span class='ocrx_word' id='word_1_522' title='bbox 3061 2340 3189 2395; x_wconf 85' lang='lat' dir='ltr'><strong>quos</strong></span> <span class='ocrx_word' id='word_1_523' title='bbox 3214 2336 3422 2377; x_wconf 80' lang='lat' dir='ltr'><strong>rursum</strong></span> <span class='ocrx_word' id='word_1_524' title='bbox 3440 2339 3460 2377; x_wconf 90' lang='lat'><strong><em>:</em></strong></span> <span class='ocrx_word' id='word_1_525' title='bbox 3481 2322 3704 2378; x_wconf 80' lang='lat' dir='ltr'><strong>Reddite</strong></span> 
     </span>
    </p>
   </div>
   <div class='ocr_carea' id='block_1_69' title="bbox 2126 2416 3701 2494">
    <p class='ocr_par' dir='ltr' id='par_1_69' title="bbox 2126 2416 3701 2494">
     <span class='ocr_line' id='line_1_69' title="bbox 2126 2416 3701 2494; baseline -0.006 -16"><span class='ocrx_word' id='word_1_526' title='bbox 2126 2439 2271 2494; x_wconf 88' lang='lat' dir='ltr'><strong>ergo,</strong></span> <span class='ocrx_word' id='word_1_527' title='bbox 2302 2422 2499 2492; x_wconf 65' lang='lat' dir='ltr'><strong>inquit,</strong></span> <span class='ocrx_word' id='word_1_528' title='bbox 2530 2435 2649 2491; x_wconf 79' lang='lat' dir='ltr'><strong>qua:</strong></span> <span class='ocrx_word' id='word_1_529' title='bbox 2679 2428 2800 2474; x_wconf 90' lang='lat' dir='ltr'><strong>sunt</strong></span> <span class='ocrx_word' id='word_1_530' title='bbox 2830 2417 3058 2474; x_wconf 80' lang='lat' dir='ltr'><strong>Ctesaris</strong></span> <span class='ocrx_word' id='word_1_531' title='bbox 3089 2416 3323 2483; x_wconf 81' lang='lat' dir='ltr'><strong>thsari,</strong></span> <span class='ocrx_word' id='word_1_532' title='bbox 3354 2425 3404 2469; x_wconf 87' lang='lat' dir='ltr'><strong>et</strong></span> <span class='ocrx_word' id='word_1_533' title='bbox 3432 2430 3548 2486; x_wconf 78' lang='lat' dir='ltr'><strong>gate</strong></span> <span class='ocrx_word' id='word_1_534' title='bbox 3575 2425 3701 2469; x_wconf 77' lang='lat' dir='ltr'><strong>sunt</strong></span> 
     </span>
    </p>
   </div>
   <div class='ocr_carea' id='block_1_70' title="bbox 2128 2506 3705 2579">
    <p class='ocr_par' dir='ltr' id='par_1_70' title="bbox 2128 2506 3705 2579">
     <span class='ocr_line' id='line_1_70' title="bbox 2128 2506 3705 2579; baseline -0.005 -11"><span class='ocrx_word' id='word_1_535' title='bbox 2128 2514 2228 2568; x_wconf 84' lang='lat' dir='ltr'><strong>Dei</strong></span> <span class='ocrx_word' id='word_1_536' title='bbox 2257 2513 2382 2568; x_wconf 89' lang='lat' dir='ltr'><strong>Deo.</strong></span> <span class='ocrx_word' id='word_1_537' title='bbox 2413 2511 2657 2579; x_wconf 89' lang='lat' dir='ltr'><strong>Quorum</strong></span> <span class='ocrx_word' id='word_1_538' title='bbox 2690 2508 3138 2579; x_wconf 89' lang='lat' dir='ltr'><strong>consequentiam</strong></span> <span class='ocrx_word' id='word_1_539' title='bbox 3172 2517 3228 2562; x_wconf 91' lang='lat' dir='ltr'><strong>et</strong></span> <span class='ocrx_word' id='word_1_540' title='bbox 3255 2506 3458 2561; x_wconf 86' lang='lat' dir='ltr'><strong>Paulus</strong></span> <span class='ocrx_word' id='word_1_541' title='bbox 3488 2507 3705 2561; x_wconf 82' lang='lat' dir='ltr'><strong>locutus</strong></span> 
     </span>
    </p>
   </div>
   <div class='ocr_carea' id='block_1_71' title="bbox 2127 2598 3701 2673">
    <p class='ocr_par' dir='ltr' id='par_1_71' title="bbox 2127 2598 3701 2673">
     <span class='ocr_line' id='line_1_71' title="bbox 2127 2598 3701 2673; baseline -0.004 -13"><span class='ocrx_word' id='word_1_542' title='bbox 2127 2614 2248 2673; x_wconf 85' lang='lat' dir='ltr'><strong>est,</strong></span> <span class='ocrx_word' id='word_1_543' title='bbox 2293 2604 2569 2659; x_wconf 74' lang='lat' dir='ltr'><strong>diceus’:</strong></span> <span class='ocrx_word' id='word_1_544' title='bbox 2609 2602 2759 2659; x_wconf 87' lang='lat' dir='ltr'><strong>Sicut</strong></span> <span class='ocrx_word' id='word_1_545' title='bbox 2799 2601 3123 2671; x_wconf 82' lang='lat' dir='ltr'><strong>portavimus</strong></span> <span class='ocrx_word' id='word_1_546' title='bbox 3166 2599 3450 2669; x_wconf 82' lang='lat' dir='ltr'><strong>imaginem</strong></span> <span class='ocrx_word' id='word_1_547' title='bbox 3492 2598 3701 2664; x_wconf 76' lang='lat' dir='ltr'><strong>choici,</strong></span> 
     </span>
    </p>
   </div>
   <div class='ocr_carea' id='block_1_72' title="bbox 2128 2687 3704 2766">
    <p class='ocr_par' dir='ltr' id='par_1_72' title="bbox 2128 2687 3704 2766">
     <span class='ocr_line' id='line_1_72' title="bbox 2128 2687 3704 2766; baseline -0.002 -19"><span class='ocrx_word' id='word_1_548' title='bbox 2128 2707 2395 2766; x_wconf 85' lang='lat' dir='ltr'><strong>portemus</strong></span> <span class='ocrx_word' id='word_1_549' title='bbox 2423 2705 2472 2749; x_wconf 92' lang='lat' dir='ltr'><strong>et</strong></span> <span class='ocrx_word' id='word_1_550' title='bbox 2499 2694 2782 2762; x_wconf 85' lang='lat' dir='ltr'><strong>imaginem</strong></span> <span class='ocrx_word' id='word_1_551' title='bbox 2810 2691 3057 2746; x_wconf 70' lang='lat' dir='ltr'><strong>caelestis.</strong></span> <span class='ocrx_word' id='word_1_552' title='bbox 3089 2689 3245 2757; x_wconf 83' lang='lat' dir='ltr'><strong>Quod</strong></span> <span class='ocrx_word' id='word_1_553' title='bbox 3267 2704 3400 2760; x_wconf 87' lang='lat' dir='ltr'><strong>ergo</strong></span> <span class='ocrx_word' id='word_1_554' title='bbox 3429 2690 3504 2763; x_wconf 78' lang='lat' dir='ltr'><strong>ait</strong></span> <span class='ocrx_word' id='word_1_555' title='bbox 3526 2708 3541 2745; x_wconf 91' lang='lat'><strong>:</strong></span> <span class='ocrx_word' id='word_1_556' title='bbox 3562 2687 3704 2744; x_wconf 69' lang='lat' dir='ltr'><strong>Rod-</strong></span> 
     </span>
    </p>
   </div>
   <div class='ocr_carea' id='block_1_73' title="bbox 2129 2768 3703 2851">
    <p class='ocr_par' dir='ltr' id='par_1_73' title="bbox 2129 2768 3703 2851">
     <span class='ocr_line' id='line_1_73' title="bbox 2129 2768 3703 2851; baseline -0.006 -8"><span class='ocrx_word' id='word_1_557' title='bbox 2129 2789 2239 2843; x_wconf 83' lang='lat' dir='ltr'><strong>dite</strong></span> <span class='ocrx_word' id='word_1_558' title='bbox 2266 2805 2384 2849; x_wconf 71' lang='lat' dir='ltr'><strong>ante</strong></span> <span class='ocrx_word' id='word_1_559' title='bbox 2422 2795 2542 2841; x_wconf 87' lang='lat' dir='ltr'><strong>sunt</strong></span> <span class='ocrx_word' id='word_1_560' title='bbox 2578 2785 2809 2841; x_wconf 78' lang='lat' dir='ltr'><strong>Ca&#39;saris</strong></span> <span class='ocrx_word' id='word_1_561' title='bbox 2839 2782 3065 2845; x_wconf 68' lang='lat' dir='ltr'><strong>Cresari,</strong></span> <span class='ocrx_word' id='word_1_562' title='bbox 3100 2783 3204 2836; x_wconf 89' lang='lat' dir='ltr'><strong>hoc</strong></span> <span class='ocrx_word' id='word_1_563' title='bbox 3233 2780 3408 2836; x_wconf 87' lang='lat' dir='ltr'><strong>dicit:</strong></span> <span class='ocrx_word' id='word_1_564' title='bbox 3444 2768 3703 2851; x_wconf 56' lang='lat' dir='ltr'><strong>Depoaite</strong></span> 
     </span>
    </p>
   </div>
   <div class='ocr_carea' id='block_1_74' title="bbox 2131 2872 3703 2950">
    <p class='ocr_par' dir='ltr' id='par_1_74' title="bbox 2131 2872 3703 2950">
     <span class='ocr_line' id='line_1_74' title="bbox 2131 2872 3703 2950; baseline -0.006 -15"><span class='ocrx_word' id='word_1_565' title='bbox 2131 2894 2420 2950; x_wconf 88' lang='lat' dir='ltr'><strong>personam</strong></span> <span class='ocrx_word' id='word_1_566' title='bbox 2462 2878 2676 2943; x_wconf 86' lang='lat' dir='ltr'><strong>choici,</strong></span> <span class='ocrx_word' id='word_1_567' title='bbox 2724 2876 2944 2946; x_wconf 82' lang='lat' dir='ltr'><strong>abjicite</strong></span> <span class='ocrx_word' id='word_1_568' title='bbox 2993 2872 3283 2944; x_wconf 75' lang='lat' dir='ltr'><strong>imaginem</strong></span> <span class='ocrx_word' id='word_1_569' title='bbox 3327 2880 3591 2928; x_wconf 83' lang='lat' dir='ltr'><strong>terrenam</strong></span> <span class='ocrx_word' id='word_1_570' title='bbox 3637 2879 3703 2925; x_wconf 85' lang='lat' dir='ltr'><strong>ut</strong></span> 
     </span>
    </p>
   </div>
   <div class='ocr_carea' id='block_1_75' title="bbox 2132 2962 3703 3041">
    <p class='ocr_par' dir='ltr' id='par_1_75' title="bbox 2132 2962 3703 3041">
     <span class='ocr_line' id='line_1_75' title="bbox 2132 2962 3703 3041; baseline -0.005 -15"><span class='ocrx_word' id='word_1_571' title='bbox 2132 2971 2356 3041; x_wconf 87' lang='lat' dir='ltr'><strong>possitis</strong></span> <span class='ocrx_word' id='word_1_572' title='bbox 2388 2970 2543 3026; x_wconf 67' lang='lat' dir='ltr'><strong>vobis</strong></span> <span class='ocrx_word' id='word_1_573' title='bbox 2586 2982 2873 3040; x_wconf 88' lang='lat' dir='ltr'><strong>personam</strong></span> <span class='ocrx_word' id='word_1_574' title='bbox 2905 2966 3145 3021; x_wconf 65' lang='lat' dir='ltr'><strong>caelestis</strong></span> <span class='ocrx_word' id='word_1_575' title='bbox 3171 2964 3541 3034; x_wconf 86' lang='lat' dir='ltr'><strong>imponentes,</strong></span> <span class='ocrx_word' id='word_1_576' title='bbox 3572 2962 3703 3018; x_wconf 81' lang='lat' dir='ltr'><strong>red-</strong></span> 
     </span>
    </p>
   </div>
   <div class='ocr_carea' id='block_1_76' title="bbox 2130 3054 3703 3131">
    <p class='ocr_par' dir='ltr' id='par_1_76' title="bbox 2130 3054 3703 3131">
     <span class='ocr_line' id='line_1_76' title="bbox 2130 3054 3703 3131; baseline -0.004 -14"><span class='ocrx_word' id='word_1_577' title='bbox 2130 3062 2258 3117; x_wconf 90' lang='lat' dir='ltr'><strong>dere</strong></span> <span class='ocrx_word' id='word_1_578' title='bbox 2284 3077 2406 3131; x_wconf 63' lang='lat' dir='ltr'><strong>quae</strong></span> <span class='ocrx_word' id='word_1_579' title='bbox 2437 3068 2565 3117; x_wconf 88' lang='lat' dir='ltr'><strong>sunt</strong></span> <span class='ocrx_word' id='word_1_580' title='bbox 2590 3060 2682 3115; x_wconf 89' lang='lat' dir='ltr'><strong>Dei</strong></span> <span class='ocrx_word' id='word_1_581' title='bbox 2701 3058 2831 3114; x_wconf 86' lang='lat' dir='ltr'><strong>Deo.</strong></span> <span class='ocrx_word' id='word_1_582' title='bbox 2866 3056 3079 3128; x_wconf 78' lang='lat' dir='ltr'><strong>Repetit</strong></span> <span class='ocrx_word' id='word_1_583' title='bbox 3107 3071 3207 3111; x_wconf 87' lang='lat' dir='ltr'><strong>nos</strong></span> <span class='ocrx_word' id='word_1_584' title='bbox 3237 3055 3402 3112; x_wconf 89' lang='lat' dir='ltr'><strong>Deus.</strong></span> <span class='ocrx_word' id='word_1_585' title='bbox 3432 3054 3703 3123; x_wconf 78' lang='lat' dir='ltr'><strong>Quidnam</strong></span> 
     </span>
    </p>
   </div>
   <div class='ocr_carea' id='block_1_77' title="bbox 2134 3146 3705 3222">
    <p class='ocr_par' dir='ltr' id='par_1_77' title="bbox 2134 3146 3705 3222">
     <span class='ocr_line' id='line_1_77' title="bbox 2134 3146 3705 3222; baseline -0.004 -16"><span class='ocrx_word' id='word_1_586' title='bbox 2134 3153 2368 3221; x_wconf 62' lang='lat' dir='ltr'><strong>repetit?</strong></span> <span class='ocrx_word' id='word_1_587' title='bbox 2402 3152 2543 3222; x_wconf 84' lang='lat' dir='ltr'><strong>Lege</strong></span> <span class='ocrx_word' id='word_1_588' title='bbox 2571 3150 2792 3221; x_wconf 78' lang='lat' dir='ltr'><strong>Moysen</strong></span> <span class='ocrx_word' id='word_1_589' title='bbox 2823 3166 2837 3205; x_wconf 86' lang='lat'><strong>;</strong></span> <span class='ocrx_word' id='word_1_590' title='bbox 2875 3148 2943 3202; x_wconf 86' lang='lat' dir='ltr'><strong>Et</strong></span> <span class='ocrx_word' id='word_1_591' title='bbox 2981 3163 3116 3201; x_wconf 77' lang='lat' dir='ltr'><strong>nunc</strong></span> <span class='ocrx_word' id='word_1_592' title='bbox 3144 3146 3272 3216; x_wconf 88' lang='lat' dir='ltr'><strong>quid</strong></span> <span class='ocrx_word' id='word_1_593' title='bbox 3325 3148 3573 3202; x_wconf 78' lang='lat' dir='ltr'><strong>Dominus</strong></span> <span class='ocrx_word' id='word_1_594' title='bbox 3616 3162 3705 3199; x_wconf 67' lang='lat' dir='ltr'><strong>reo</strong></span> 
     </span>
    </p>
   </div>
   <div class='ocr_carea' id='block_1_78' title="bbox 2130 3238 3707 3312">
    <p class='ocr_par' dir='ltr' id='par_1_78' title="bbox 2130 3238 3707 3312">
     <span class='ocr_line' id='line_1_78' title="bbox 2130 3238 3707 3312; baseline -0.004 -15"><span class='ocrx_word' id='word_1_595' title='bbox 2130 3245 2255 3312; x_wconf 82' lang='lat' dir='ltr'><strong>petit</strong></span> <span class='ocrx_word' id='word_1_596' title='bbox 2300 3260 2333 3296; x_wconf 91' lang='lat' dir='ltr'><strong>a</strong></span> <span class='ocrx_word' id='word_1_597' title='bbox 2382 3243 2521 3297; x_wconf 78' lang='lat' dir='ltr'><strong>te&quot;!</strong></span> <span class='ocrx_word' id='word_1_598' title='bbox 2555 3250 2611 3297; x_wconf 86' lang='lat' dir='ltr'><strong>et</strong></span> <span class='ocrx_word' id='word_1_599' title='bbox 2648 3243 2854 3312; x_wconf 87' lang='lat' dir='ltr'><strong>reliqua</strong></span> <span class='ocrx_word' id='word_1_600' title='bbox 2903 3254 3026 3309; x_wconf 65' lang='lat' dir='ltr'><strong>quae.</strong></span> <span class='ocrx_word' id='word_1_601' title='bbox 3078 3248 3403 3311; x_wconf 80' lang='lat' dir='ltr'><strong>sequuntur.</strong></span> <span class='ocrx_word' id='word_1_602' title='bbox 3459 3238 3707 3293; x_wconf 85' lang='lat' dir='ltr'><strong>Postulat</strong></span> 
     </span>
    </p>
   </div>
   <div class='ocr_carea' id='block_1_79' title="bbox 2131 3333 3707 3408">
    <p class='ocr_par' dir='ltr' id='par_1_79' title="bbox 2131 3333 3707 3408">
     <span class='ocr_line' id='line_1_79' title="bbox 2131 3333 3707 3408; baseline -0.001 -17"><span class='ocrx_word' id='word_1_603' title='bbox 2131 3337 2297 3408; x_wconf 81' lang='lat' dir='ltr'><strong>igitur</strong></span> <span class='ocrx_word' id='word_1_604' title='bbox 2321 3352 2352 3391; x_wconf 89' lang='lat' dir='ltr'><strong>a</strong></span> <span class='ocrx_word' id='word_1_605' title='bbox 2385 3336 2543 3391; x_wconf 92' lang='lat' dir='ltr'><strong>nobis</strong></span> <span class='ocrx_word' id='word_1_606' title='bbox 2573 3333 2737 3400; x_wconf 87' lang='lat' dir='ltr'><strong>Deus,</strong></span> <span class='ocrx_word' id='word_1_607' title='bbox 2767 3343 2823 3389; x_wconf 93' lang='lat' dir='ltr'><strong>et</strong></span> <span class='ocrx_word' id='word_1_608' title='bbox 2846 3333 3191 3404; x_wconf 88' lang='lat' dir='ltr'><strong>deprecatur,</strong></span> <span class='ocrx_word' id='word_1_609' title='bbox 3220 3349 3326 3389; x_wconf 91' lang='lat' dir='ltr'><strong>non</strong></span> <span class='ocrx_word' id='word_1_610' title='bbox 3352 3334 3480 3405; x_wconf 88' lang='lat' dir='ltr'><strong>quia</strong></span> <span class='ocrx_word' id='word_1_611' title='bbox 3511 3348 3707 3389; x_wconf 83' lang='lat' dir='ltr'><strong>neces-</strong></span> 
     </span>
    </p>
   </div>
   <div class='ocr_carea' id='block_1_80' title="bbox 2131 3426 3705 3498">
    <p class='ocr_par' dir='ltr' id='par_1_80' title="bbox 2131 3426 3705 3498">
     <span class='ocr_line' id='line_1_80' title="bbox 2131 3426 3705 3498; baseline -0.003 -13"><span class='ocrx_word' id='word_1_612' title='bbox 2131 3431 2338 3485; x_wconf 90' lang='lat' dir='ltr'><strong>sarium</strong></span> <span class='ocrx_word' id='word_1_613' title='bbox 2369 3430 2532 3484; x_wconf 85' lang='lat' dir='ltr'><strong>habet</strong></span> <span class='ocrx_word' id='word_1_614' title='bbox 2564 3428 2805 3498; x_wconf 89' lang='lat' dir='ltr'><strong>aliquid,</strong></span> <span class='ocrx_word' id='word_1_615' title='bbox 2836 3437 2896 3482; x_wconf 91' lang='lat' dir='ltr'><strong>ut</strong></span> <span class='ocrx_word' id='word_1_616' title='bbox 2921 3428 2971 3483; x_wconf 91' lang='lat' dir='ltr'><strong>ei</strong></span> <span class='ocrx_word' id='word_1_617' title='bbox 3008 3428 3345 3482; x_wconf 89' lang='lat' dir='ltr'><strong>tribuamus:</strong></span> <span class='ocrx_word' id='word_1_618' title='bbox 3380 3426 3618 3497; x_wconf 80' lang='lat' dir='ltr'><strong>postulat</strong></span> <span class='ocrx_word' id='word_1_619' title='bbox 3648 3438 3705 3481; x_wconf 88' lang='lat' dir='ltr'><strong>ct</strong></span> 
     </span>
    </p>
   </div>
   <div class='ocr_carea' id='block_1_81' title="bbox 2130 3518 3702 3591">
    <p class='ocr_par' dir='ltr' id='par_1_81' title="bbox 2130 3518 3702 3591">
     <span class='ocr_line' id='line_1_81' title="bbox 2130 3518 3702 3591; baseline -0.001 -18"><span class='ocrx_word' id='word_1_620' title='bbox 2130 3531 2417 3591; x_wconf 87' lang='lat' dir='ltr'><strong>postquam</strong></span> <span class='ocrx_word' id='word_1_621' title='bbox 2448 3520 2498 3575; x_wconf 87' lang='lat' dir='ltr'><strong>ei</strong></span> <span class='ocrx_word' id='word_1_622' title='bbox 2520 3520 2852 3584; x_wconf 85' lang='lat' dir='ltr'><strong>dederimus,</strong></span> <span class='ocrx_word' id='word_1_623' title='bbox 2878 3519 3113 3589; x_wconf 87' lang='lat' dir='ltr'><strong>idipsum</strong></span> <span class='ocrx_word' id='word_1_624' title='bbox 3139 3520 3340 3574; x_wconf 87' lang='lat' dir='ltr'><strong>tribuat</strong></span> <span class='ocrx_word' id='word_1_625' title='bbox 3363 3519 3417 3572; x_wconf 92' lang='lat' dir='ltr'><strong>in</strong></span> <span class='ocrx_word' id='word_1_626' title='bbox 3443 3518 3702 3572; x_wconf 82' lang='lat' dir='ltr'><strong>salutem.</strong></span> 
     </span>
    </p>
   </div>
   <div class='ocr_carea' id='block_1_82' title="bbox 2130 3608 3702 3683">
    <p class='ocr_par' dir='ltr' id='par_1_82' title="bbox 2130 3608 3702 3683">
     <span class='ocr_line' id='line_1_82' title="bbox 2130 3608 3702 3683; baseline -0.002 -17"><span class='ocrx_word' id='word_1_627' title='bbox 2130 3611 2287 3680; x_wconf 86' lang='lat' dir='ltr'><strong>Quod</strong></span> <span class='ocrx_word' id='word_1_628' title='bbox 2324 3611 2494 3683; x_wconf 80' lang='lat'><strong>979</strong></span> <span class='ocrx_word' id='word_1_629' title='bbox 2540 3620 2599 3664; x_wconf 89' lang='lat' dir='ltr'><strong>ut</strong></span> <span class='ocrx_word' id='word_1_630' title='bbox 2628 3610 2971 3666; x_wconf 81' lang='lat' dir='ltr'><strong>manifestius</strong></span> <span class='ocrx_word' id='word_1_631' title='bbox 3005 3610 3129 3675; x_wconf 83' lang='lat' dir='ltr'><strong>ﬁat,</strong></span> <span class='ocrx_word' id='word_1_632' title='bbox 3163 3625 3358 3680; x_wconf 89' lang='lat' dir='ltr'><strong>ponam</strong></span> <span class='ocrx_word' id='word_1_633' title='bbox 3391 3608 3702 3680; x_wconf 86' lang='lat' dir='ltr'><strong>paraboIam</strong></span> 
     </span>
    </p>
   </div>
   <div class='ocr_carea' id='block_1_83' title="bbox 2132 3698 3704 3769">
    <p class='ocr_par' dir='ltr' id='par_1_83' title="bbox 2132 3698 3704 3769">
     <span class='ocr_line' id='line_1_83' title="bbox 2132 3698 3704 3769; baseline -0.003 -12"><span class='ocrx_word' id='word_1_634' title='bbox 2132 3717 2404 3758; x_wconf 84' lang='lat' dir='ltr'><strong>mnarum.</strong></span> <span class='ocrx_word' id='word_1_635' title='bbox 2447 3699 2550 3765; x_wconf 90' lang='lat' dir='ltr'><strong>Qui</strong></span> <span class='ocrx_word' id='word_1_636' title='bbox 2602 3714 2764 3753; x_wconf 90' lang='lat' dir='ltr'><strong>unam</strong></span> <span class='ocrx_word' id='word_1_637' title='bbox 2813 3708 3099 3769; x_wconf 82' lang='lat' dir='ltr'><strong>acceperat</strong></span> <span class='ocrx_word' id='word_1_638' title='bbox 3145 3715 3327 3754; x_wconf 90' lang='lat' dir='ltr'><strong>mnam</strong></span> <span class='ocrx_word' id='word_1_639' title='bbox 3354 3740 3371 3765; x_wconf 93' lang='lat'><strong>,</strong></span> <span class='ocrx_word' id='word_1_640' title='bbox 3406 3707 3462 3754; x_wconf 88' lang='lat' dir='ltr'><strong>et</strong></span> <span class='ocrx_word' id='word_1_641' title='bbox 3507 3698 3704 3753; x_wconf 76' lang='lat' dir='ltr'><strong>fecerat</strong></span> 
     </span>
    </p>
   </div>
   <div class='ocr_carea' id='block_1_84' title="bbox 2129 3789 3701 3859">
    <p class='ocr_par' dir='ltr' id='par_1_84' title="bbox 2129 3789 3701 3859">
     <span class='ocr_line' id='line_1_84' title="bbox 2129 3789 3701 3859; baseline -0.003 -12"><span class='ocrx_word' id='word_1_642' title='bbox 2129 3794 2314 3847; x_wconf 83' lang='lat' dir='ltr'><strong>decem</strong></span> <span class='ocrx_word' id='word_1_643' title='bbox 2340 3809 2358 3857; x_wconf 89' lang='lat'><strong>;</strong></span> <span class='ocrx_word' id='word_1_644' title='bbox 2392 3800 2445 3846; x_wconf 87' lang='lat' dir='ltr'><strong>et</strong></span> <span class='ocrx_word' id='word_1_645' title='bbox 2477 3790 2675 3846; x_wconf 75' lang='lat' dir='ltr'><strong>ol,tulit</strong></span> <span class='ocrx_word' id='word_1_646' title='bbox 2726 3789 2969 3852; x_wconf 83' lang='lat' dir='ltr'><strong>domino,</strong></span> <span class='ocrx_word' id='word_1_647' title='bbox 3000 3805 3030 3843; x_wconf 91' lang='lat' dir='ltr'><strong>a</strong></span> <span class='ocrx_word' id='word_1_648' title='bbox 3062 3805 3171 3859; x_wconf 87' lang='lat' dir='ltr'><strong>quo</strong></span> <span class='ocrx_word' id='word_1_649' title='bbox 3203 3790 3305 3845; x_wconf 84' lang='lat' dir='ltr'><strong>sibi</strong></span> <span class='ocrx_word' id='word_1_650' title='bbox 3344 3789 3543 3844; x_wconf 89' lang='lat' dir='ltr'><strong>credita</strong></span> <span class='ocrx_word' id='word_1_651' title='bbox 3576 3804 3701 3844; x_wconf 86' lang='lat' dir='ltr'><strong>mna</strong></span> 
     </span>
    </p>
   </div>
   <div class='ocr_carea' id='block_1_85' title="bbox 2131 3881 3699 3953">
    <p class='ocr_par' dir='ltr' id='par_1_85' title="bbox 2131 3881 3699 3953">
     <span class='ocr_line' id='line_1_85' title="bbox 2131 3881 3699 3953; baseline -0.001 -15"><span class='ocrx_word' id='word_1_652' title='bbox 2131 3883 2345 3950; x_wconf 79' lang='lat' dir='ltr'><strong>fuerat,</strong></span> <span class='ocrx_word' id='word_1_653' title='bbox 2387 3885 2597 3953; x_wconf 72' lang='lat' dir='ltr'><strong>accepit</strong></span> <span class='ocrx_word' id='word_1_654' title='bbox 2629 3888 2685 3936; x_wconf 87' lang='lat' dir='ltr'><strong>et</strong></span> <span class='ocrx_word' id='word_1_655' title='bbox 2730 3881 2888 3935; x_wconf 88' lang='lat' dir='ltr'><strong>aliam</strong></span> <span class='ocrx_word' id='word_1_656' title='bbox 2917 3897 3081 3951; x_wconf 90' lang='lat' dir='ltr'><strong>quam</strong></span> <span class='ocrx_word' id='word_1_657' title='bbox 3108 3891 3269 3935; x_wconf 82' lang='lat' dir='ltr'><strong>antea</strong></span> <span class='ocrx_word' id='word_1_658' title='bbox 3307 3897 3415 3936; x_wconf 87' lang='lat' dir='ltr'><strong>non</strong></span> <span class='ocrx_word' id='word_1_659' title='bbox 3457 3881 3699 3936; x_wconf 85' lang='lat' dir='ltr'><strong>habebat.</strong></span> 
     </span>
    </p>
   </div>
   <div class='ocr_carea' id='block_1_86' title="bbox 2130 3973 3699 4045">
    <p class='ocr_par' dir='ltr' id='par_1_86' title="bbox 2130 3973 3699 4045">
     <span class='ocr_line' id='line_1_86' title="bbox 2130 3973 3699 4045; baseline -0.005 -15"><span class='ocrx_word' id='word_1_660' title='bbox 2130 3975 2281 4031; x_wconf 86' lang='lat' dir='ltr'><strong>Illius</strong></span> <span class='ocrx_word' id='word_1_661' title='bbox 2312 3976 2459 4029; x_wconf 91' lang='lat' dir='ltr'><strong>enim</strong></span> <span class='ocrx_word' id='word_1_662' title='bbox 2510 3990 2728 4040; x_wconf 86' lang='lat' dir='ltr'><strong>tunam,</strong></span> <span class='ocrx_word' id='word_1_663' title='bbox 2770 3973 2861 4045; x_wconf 89' lang='lat' dir='ltr'><strong>qui</strong></span> <span class='ocrx_word' id='word_1_664' title='bbox 2922 3988 3027 4028; x_wconf 63' lang='lat' dir='ltr'><strong>non</strong></span> <span class='ocrx_word' id='word_1_665' title='bbox 3071 3973 3527 4043; x_wconf 81' lang='lat' dir='ltr'><strong>multiplicarerat</strong></span> <span class='ocrx_word' id='word_1_666' title='bbox 3558 3975 3699 4041; x_wconf 88' lang='lat' dir='ltr'><strong>quot</strong></span> 
     </span>
    </p>
   </div>
   <div class='ocr_carea' id='block_1_87' title="bbox 2130 4061 3702 4137">
    <p class='ocr_par' dir='ltr' id='par_1_87' title="bbox 2130 4061 3702 4137">
     <span class='ocr_line' id='line_1_87' title="bbox 2130 4061 3702 4137; baseline -0.006 -14"><span class='ocrx_word' id='word_1_667' title='bbox 2130 4066 2362 4137; x_wconf 86' lang='lat' dir='ltr'><strong>accepit,</strong></span> <span class='ocrx_word' id='word_1_668' title='bbox 2402 4066 2555 4135; x_wconf 86' lang='lat' dir='ltr'><strong>jubet</strong></span> <span class='ocrx_word' id='word_1_669' title='bbox 2580 4065 2834 4119; x_wconf 86' lang='lat' dir='ltr'><strong>dominus</strong></span> <span class='ocrx_word' id='word_1_670' title='bbox 2854 4063 3080 4131; x_wconf 81' lang='lat' dir='ltr'><strong>auferri,</strong></span> <span class='ocrx_word' id='word_1_671' title='bbox 3123 4074 3178 4118; x_wconf 81' lang='lat' dir='ltr'><strong>et</strong></span> <span class='ocrx_word' id='word_1_672' title='bbox 3210 4063 3326 4116; x_wconf 72' lang='lat' dir='ltr'><strong>dari</strong></span> <span class='ocrx_word' id='word_1_673' title='bbox 3361 4063 3407 4117; x_wconf 86' lang='lat' dir='ltr'><strong>ei</strong></span> <span class='ocrx_word' id='word_1_674' title='bbox 3444 4061 3535 4130; x_wconf 78' lang='lat' dir='ltr'><strong>qui</strong></span> <span class='ocrx_word' id='word_1_675' title='bbox 3571 4061 3702 4114; x_wconf 74' lang='lat' dir='ltr'><strong>alias</strong></span> 
     </span>
    </p>
   </div>
   <div class='ocr_carea' id='block_1_88' title="bbox 2132 4151 3701 4226">
    <p class='ocr_par' dir='ltr' id='par_1_88' title="bbox 2132 4151 3701 4226">
     <span class='ocr_line' id='line_1_88' title="bbox 2132 4151 3701 4226; baseline -0.005 -14"><span class='ocrx_word' id='word_1_676' title='bbox 2132 4159 2313 4212; x_wconf 80' lang='lat' dir='ltr'><strong>habet.</strong></span> <span class='ocrx_word' id='word_1_677' title='bbox 2347 4156 2568 4220; x_wconf 86' lang='lat' dir='ltr'><strong>Tollite,</strong></span> <span class='ocrx_word' id='word_1_678' title='bbox 2600 4156 2809 4226; x_wconf 90' lang='lat' dir='ltr'><strong>inquit,</strong></span> <span class='ocrx_word' id='word_1_679' title='bbox 2838 4171 3049 4221; x_wconf 82' lang='lat' dir='ltr'><strong>mnam,</strong></span> <span class='ocrx_word' id='word_1_680' title='bbox 3078 4169 3127 4207; x_wconf 82' lang='lat' dir='ltr'><strong>et</strong></span> <span class='ocrx_word' id='word_1_681' title='bbox 3172 4164 3293 4207; x_wconf 71' lang='lat' dir='ltr'><strong>cate</strong></span> <span class='ocrx_word' id='word_1_682' title='bbox 3336 4155 3384 4207; x_wconf 82' lang='lat' dir='ltr'><strong>ei</strong></span> <span class='ocrx_word' id='word_1_683' title='bbox 3421 4154 3511 4223; x_wconf 88' lang='lat' dir='ltr'><strong>qni</strong></span> <span class='ocrx_word' id='word_1_684' title='bbox 3549 4151 3701 4204; x_wconf 83' lang='lat' dir='ltr'><strong>habet</strong></span> 
     </span>
    </p>
   </div>
   <div class='ocr_carea' id='block_1_89' title="bbox 2129 4242 3705 4316">
    <p class='ocr_par' dir='ltr' id='par_1_89' title="bbox 2129 4242 3705 4316">
     <span class='ocr_line' id='line_1_89' title="bbox 2129 4242 3705 4316; baseline -0.006 -13"><span class='ocrx_word' id='word_1_685' title='bbox 2129 4250 2165 4303; x_wconf 88' lang='lat' dir='ltr'><strong>d</strong></span> <span class='ocrx_word' id='word_1_686' title='bbox 2196 4265 2304 4303; x_wconf 83' lang='lat' dir='ltr'><strong>cem</strong></span> <span class='ocrx_word' id='word_1_687' title='bbox 2344 4265 2493 4301; x_wconf 87' lang='lat' dir='ltr'><strong>muas</strong></span> <span class='ocrx_word' id='word_1_688' title='bbox 2518 4251 2560 4301; x_wconf 69' lang='grc'><strong>⁵.</strong></span> <span class='ocrx_word' id='word_1_689' title='bbox 2589 4247 2769 4316; x_wconf 77' lang='lat' dir='ltr'><strong>Atque</strong></span> <span class='ocrx_word' id='word_1_690' title='bbox 2817 4246 2871 4300; x_wconf 89' lang='lat' dir='ltr'><strong>in</strong></span> <span class='ocrx_word' id='word_1_691' title='bbox 2907 4250 3051 4301; x_wconf 86' lang='lat' dir='ltr'><strong>hunc</strong></span> <span class='ocrx_word' id='word_1_692' title='bbox 3094 4246 3316 4300; x_wconf 86' lang='lat' dir='ltr'><strong>modum</strong></span> <span class='ocrx_word' id='word_1_693' title='bbox 3346 4261 3465 4314; x_wconf 67' lang='lat' dir='ltr'><strong>quas</strong></span> <span class='ocrx_word' id='word_1_694' title='bbox 3491 4242 3705 4298; x_wconf 80' lang='lat' dir='ltr'><strong>dederi—</strong></span> 
     </span>
    </p>
   </div>
   <div class='ocr_carea' id='block_1_90' title="bbox 2132 4337 3707 4408">
    <p class='ocr_par' dir='ltr' id='par_1_90' title="bbox 2132 4337 3707 4408">
     <span class='ocr_line' id='line_1_90' title="bbox 2132 4337 3707 4408; baseline -0.005 -13"><span class='ocrx_word' id='word_1_695' title='bbox 2132 4355 2257 4395; x_wconf 90' lang='lat' dir='ltr'><strong>mus</strong></span> <span class='ocrx_word' id='word_1_696' title='bbox 2293 4339 2426 4407; x_wconf 88' lang='lat' dir='ltr'><strong>Deo,</strong></span> <span class='ocrx_word' id='word_1_697' title='bbox 2452 4338 2612 4393; x_wconf 85' lang='lat' dir='ltr'><strong>nobis</strong></span> <span class='ocrx_word' id='word_1_698' title='bbox 2636 4353 2698 4393; x_wconf 92' lang='lat' dir='ltr'><strong>ea</strong></span> <span class='ocrx_word' id='word_1_699' title='bbox 2731 4339 2848 4408; x_wconf 89' lang='lat' dir='ltr'><strong>ipsa</strong></span> <span class='ocrx_word' id='word_1_700' title='bbox 2883 4339 3135 4393; x_wconf 88' lang='lat' dir='ltr'><strong>restituet</strong></span> <span class='ocrx_word' id='word_1_701' title='bbox 3161 4353 3287 4392; x_wconf 90' lang='lat' dir='ltr'><strong>cum</strong></span> <span class='ocrx_word' id='word_1_702' title='bbox 3325 4337 3410 4391; x_wconf 85' lang='lat' dir='ltr'><strong>his</strong></span> <span class='ocrx_word' id='word_1_703' title='bbox 3437 4350 3554 4405; x_wconf 64' lang='lat' dir='ltr'><strong>qua:</strong></span> <span class='ocrx_word' id='word_1_704' title='bbox 3575 4345 3707 4388; x_wconf 84' lang='lat' dir='ltr'><strong>ante</strong></span> 
     </span>
    </p>
   </div>
   <div class='ocr_carea' id='block_1_91' title="bbox 459 4414 2028 4507">
    <p class='ocr_par' dir='ltr' id='par_1_91' title="bbox 459 4414 2028 4488">
     <span class='ocr_line' id='line_1_91' title="bbox 459 4414 2028 4488; baseline -0.004 -11"><span class='ocrx_word' id='word_1_705' title='bbox 459 4429 719 4483; x_wconf 83' lang='lat' dir='ltr'><strong>suerunt,</strong></span> <span class='ocrx_word' id='word_1_706' title='bbox 758 4417 993 4474; x_wconf 75' lang='lat' dir='ltr'><strong>breviter</strong></span> <span class='ocrx_word' id='word_1_707' title='bbox 1023 4415 1167 4471; x_wconf 91' lang='lat' dir='ltr'><strong>dicta</strong></span> <span class='ocrx_word' id='word_1_708' title='bbox 1204 4415 1333 4471; x_wconf 90' lang='lat' dir='ltr'><strong>sint.</strong></span> <span class='ocrx_word' id='word_1_709' title='bbox 1377 4414 1549 4471; x_wconf 91' lang='lat' dir='ltr'><strong>Porro</strong></span> <span class='ocrx_word' id='word_1_710' title='bbox 1592 4417 1735 4485; x_wconf 92' lang='lat' dir='ltr'><strong>quod</strong></span> <span class='ocrx_word' id='word_1_711' title='bbox 1771 4417 1904 4488; x_wconf 85' lang='grc'>(11)</span> <span class='ocrx_word' id='word_1_712' title='bbox 1935 4419 2028 4472; x_wconf 87' lang='lat' dir='ltr'><strong>ad-</strong></span> 
     </span>
    </p>
   </div>
   <div class='ocr_carea' id='block_1_92' title="bbox 2128 4414 3705 4507">
    <p class='ocr_par' dir='ltr' id='par_1_92' title="bbox 2136 4425 3705 4499">
     <span class='ocr_line' id='line_1_92' title="bbox 2136 4425 3705 4499; baseline -0.006 -13"><span class='ocrx_word' id='word_1_713' title='bbox 2136 4447 2242 4486; x_wconf 92' lang='lat' dir='ltr'><strong>non</strong></span> <span class='ocrx_word' id='word_1_714' title='bbox 2272 4432 2659 4486; x_wconf 87' lang='lat' dir='ltr'><strong>babucramus.</strong></span> <span class='ocrx_word' id='word_1_715' title='bbox 2695 4429 2874 4499; x_wconf 80' lang='lat' dir='ltr'><strong>Exigit</strong></span> <span class='ocrx_word' id='word_1_716' title='bbox 2902 4438 2958 4484; x_wconf 90' lang='lat' dir='ltr'><strong>et</strong></span> <span class='ocrx_word' id='word_1_717' title='bbox 2991 4430 3228 4498; x_wconf 83' lang='lat' dir='ltr'><strong>postulat</strong></span> <span class='ocrx_word' id='word_1_718' title='bbox 3269 4444 3299 4483; x_wconf 86' lang='lat' dir='ltr'><strong>a</strong></span> <span class='ocrx_word' id='word_1_719' title='bbox 3334 4428 3489 4483; x_wconf 86' lang='lat' dir='ltr'><strong>nobis</strong></span> <span class='ocrx_word' id='word_1_720' title='bbox 3527 4425 3705 4491; x_wconf 76' lang='lat' dir='ltr'><strong>Deus,</strong></span> 
     </span>
    </p>
   </div>
   <div class='ocr_carea' id='block_1_93' title="bbox 456 4506 2031 4581">
    <p class='ocr_par' dir='ltr' id='par_1_93' title="bbox 456 4506 2031 4581">
     <span class='ocr_line' id='line_1_93' title="bbox 456 4506 2031 4581; baseline -0.002 -15"><span class='ocrx_word' id='word_1_721' title='bbox 456 4514 659 4581; x_wconf 87' lang='lat' dir='ltr'><strong>jcctum</strong></span> <span class='ocrx_word' id='word_1_722' title='bbox 694 4519 779 4565; x_wconf 89' lang='lat' dir='ltr'><strong>est</strong></span> <span class='ocrx_word' id='word_1_723' title='bbox 832 4508 900 4564; x_wconf 86' lang='lat' dir='ltr'><strong>de</strong></span> <span class='ocrx_word' id='word_1_724' title='bbox 945 4507 1182 4577; x_wconf 85' lang='lat' dir='ltr'><strong>imagine</strong></span> <span class='ocrx_word' id='word_1_725' title='bbox 1227 4507 1487 4573; x_wconf 65' lang='lat' dir='ltr'><strong>Caesaris,</strong></span> <span class='ocrx_word' id='word_1_726' title='bbox 1527 4506 1690 4561; x_wconf 90' lang='lat' dir='ltr'><strong>etiam</strong></span> <span class='ocrx_word' id='word_1_727' title='bbox 1731 4521 1894 4577; x_wconf 87' lang='lat' dir='ltr'><strong>super</strong></span> <span class='ocrx_word' id='word_1_728' title='bbox 1928 4508 2031 4564; x_wconf 91' lang='lat' dir='ltr'><strong>hoc</strong></span> 
     </span>
    </p>
   </div>
   <div class='ocr_carea' id='block_1_94' title="bbox 459 4597 2033 4673">
    <p class='ocr_par' dir='ltr' id='par_1_94' title="bbox 459 4597 2033 4673">
     <span class='ocr_line' id='line_1_94' title="bbox 459 4597 2033 4673; baseline -0.002 -15"><span class='ocrx_word' id='word_1_729' title='bbox 459 4604 718 4659; x_wconf 88' lang='lat' dir='ltr'><strong>debemus</strong></span> <span class='ocrx_word' id='word_1_730' title='bbox 750 4615 920 4673; x_wconf 85' lang='lat' dir='ltr'><strong>pauca</strong></span> <span class='ocrx_word' id='word_1_731' title='bbox 952 4599 1341 4671; x_wconf 87' lang='lat' dir='ltr'><strong>perstringere.</strong></span> <span class='ocrx_word' id='word_1_732' title='bbox 1378 4597 1580 4652; x_wconf 90' lang='lat' dir='ltr'><strong>Putant</strong></span> <span class='ocrx_word' id='word_1_733' title='bbox 1607 4598 1826 4667; x_wconf 89' lang='lat' dir='ltr'><strong>quidam</strong></span> <span class='ocrx_word' id='word_1_734' title='bbox 1852 4615 1881 4653; x_wconf 92' lang='lat' dir='ltr'><strong>a</strong></span> <span class='ocrx_word' id='word_1_735' title='bbox 1910 4600 2033 4655; x_wconf 87' lang='lat' dir='ltr'><strong>Sal-</strong></span> 
     </span>
    </p>
   </div>
   <div class='ocr_carea' id='block_1_95' title="bbox 531 4717 898 4783">
    <p class='ocr_par' dir='ltr' id='par_1_95' title="bbox 531 4717 898 4783">
     <span class='ocr_line' id='line_1_95' title="bbox 531 4717 898 4783; baseline -0.003 -11"><span class='ocrx_word' id='word_1_736' title='bbox 531 4719 574 4751; x_wconf 75' lang='lat'>“</span> <span class='ocrx_word' id='word_1_737' title='bbox 602 4717 750 4774; x_wconf 90' lang='lat' dir='ltr'><strong>Psal.</strong></span> <span class='ocrx_word' id='word_1_738' title='bbox 782 4735 833 4783; x_wconf 87' lang='grc' dir='ltr'><strong>ι,</strong></span> <span class='ocrx_word' id='word_1_739' title='bbox 861 4718 898 4771; x_wconf 71' lang='grc'><strong>2</strong></span> 
     </span>
    </p>
   </div>
   <div class='ocr_carea' id='block_1_96' title="bbox 1006 4717 2284 4793">
    <p class='ocr_par' dir='ltr' id='par_1_96' title="bbox 1006 4717 2284 4793">
     <span class='ocr_line' id='line_1_96' title="bbox 1006 4717 2284 4793; baseline 0.013 -28"><span class='ocrx_word' id='word_1_740' title='bbox 1006 4718 1201 4793; x_wconf 56' lang='lat' dir='ltr'><strong>f&#39;_cap.</strong></span> <span class='ocrx_word' id='word_1_741' title='bbox 1233 4732 1360 4782; x_wconf 74' lang='lat' dir='ltr'><strong>ur,</strong></span> <span class='ocrx_word' id='word_1_742' title='bbox 1390 4731 1536 4793; x_wconf 70' lang='lat' dir='ltr'><strong>vers.</strong></span> <span class='ocrx_word' id='word_1_743' title='bbox 1601 4717 1723 4793; x_wconf 62' lang='lat'><strong>‘_2_5._</strong></span> <span class='ocrx_word' id='word_1_744' title='bbox 1769 4720 1819 4793; x_wconf 48' lang='grc' dir='ltr'><strong>’ἦ</strong></span> <span class='ocrx_word' id='word_1_745' title='bbox 1848 4720 2004 4777; x_wconf 86' lang='lat' dir='ltr'><strong>Deut.</strong></span> <span class='ocrx_word' id='word_1_746' title='bbox 2052 4744 2148 4793; x_wconf 75' lang='lat' dir='ltr'><strong>vn,</strong></span> <span class='ocrx_word' id='word_1_747' title='bbox 2200 4729 2284 4781; x_wconf 80' lang='lat' dir='ltr'><strong>l3.</strong></span> 
     </span>
    </p>
   </div>
   <div class='ocr_carea' id='block_1_97' title="bbox 2139 4515 3707 4588">
    <p class='ocr_par' dir='ltr' id='par_1_97' title="bbox 2139 4515 3707 4588">
     <span class='ocr_line' id='line_1_97' title="bbox 2139 4515 3707 4588; baseline -0.006 -12"><span class='ocrx_word' id='word_1_748' title='bbox 2139 4531 2194 4576; x_wconf 89' lang='lat' dir='ltr'><strong>ut</strong></span> <span class='ocrx_word' id='word_1_749' title='bbox 2229 4522 2426 4575; x_wconf 87' lang='lat' dir='ltr'><strong>habeat</strong></span> <span class='ocrx_word' id='word_1_750' title='bbox 2458 4522 2809 4575; x_wconf 87' lang='lat' dir='ltr'><strong>occasionem</strong></span> <span class='ocrx_word' id='word_1_751' title='bbox 2851 4519 3126 4584; x_wconf 89' lang='lat' dir='ltr'><strong>donandi,</strong></span> <span class='ocrx_word' id='word_1_752' title='bbox 3157 4529 3217 4573; x_wconf 92' lang='lat' dir='ltr'><strong>ut</strong></span> <span class='ocrx_word' id='word_1_753' title='bbox 3248 4518 3348 4588; x_wconf 81' lang='lat' dir='ltr'><strong>ipsi</strong></span> <span class='ocrx_word' id='word_1_754' title='bbox 3387 4517 3587 4572; x_wconf 87' lang='lat' dir='ltr'><strong>tribuat</strong></span> <span class='ocrx_word' id='word_1_755' title='bbox 3613 4515 3707 4585; x_wconf 91' lang='lat' dir='ltr'><strong>qui</strong></span> 
     </span>
    </p>
   </div>
   <div class='ocr_carea' id='block_1_98' title="bbox 2138 4611 3709 4683">
    <p class='ocr_par' dir='ltr' id='par_1_98' title="bbox 2138 4611 3709 4683">
     <span class='ocr_line' id='line_1_98' title="bbox 2138 4611 3709 4683; baseline -0.004 -16"><span class='ocrx_word' id='word_1_756' title='bbox 2138 4613 2403 4683; x_wconf 77' lang='lat' dir='ltr'><strong>erogavit.</strong></span> <span class='ocrx_word' id='word_1_757' title='bbox 2440 4611 2614 4682; x_wconf 88' lang='lat' dir='ltr'><strong>Ipsius</strong></span> <span class='ocrx_word' id='word_1_758' title='bbox 2648 4611 2792 4666; x_wconf 89' lang='lat' dir='ltr'><strong>enim</strong></span> <span class='ocrx_word' id='word_1_759' title='bbox 2827 4612 3000 4682; x_wconf 88' lang='lat' dir='ltr'><strong>gratia</strong></span> <span class='ocrx_word' id='word_1_760' title='bbox 3035 4611 3310 4681; x_wconf 88' lang='lat' dir='ltr'><strong>duplicata</strong></span> <span class='ocrx_word' id='word_1_761' title='bbox 3342 4617 3428 4665; x_wconf 83' lang='lat' dir='ltr'><strong>est</strong></span> <span class='ocrx_word' id='word_1_762' title='bbox 3466 4623 3622 4675; x_wconf 72' lang='lat' dir='ltr'><strong>uiua,</strong></span> <span class='ocrx_word' id='word_1_763' title='bbox 3654 4616 3709 4661; x_wconf 87' lang='lat' dir='ltr'><strong>et</strong></span> 
     </span>
    </p>
   </div>
   <div class='ocr_carea' id='block_1_99' title="bbox 2382 4723 3704 4797">
    <p class='ocr_par' dir='ltr' id='par_1_99' title="bbox 2382 4723 3704 4797">
     <span class='ocr_line' id='line_1_99' title="bbox 2382 4723 3704 4797; baseline -0.005 -15"><span class='ocrx_word' id='word_1_764' title='bbox 2382 4728 2430 4761; x_wconf 72' lang='lat'><strong>&quot;</strong></span> <span class='ocrx_word' id='word_1_765' title='bbox 2456 4742 2577 4797; x_wconf 87' lang='lat' dir='ltr'><strong>cap.</strong></span> <span class='ocrx_word' id='word_1_766' title='bbox 2606 4742 2808 4794; x_wconf 76' lang='lat' dir='ltr'><strong>t,rers.</strong></span> <span class='ocrx_word' id='word_1_767' title='bbox 2840 4728 2894 4783; x_wconf 77' lang='lat'><strong>3.</strong></span> <span class='ocrx_word' id='word_1_768' title='bbox 2954 4729 3036 4797; x_wconf 12' lang='lat'><strong>7&quot;</strong></span> <span class='ocrx_word' id='word_1_769' title='bbox 3089 4726 3232 4782; x_wconf 86' lang='lat' dir='ltr'><strong>Psal.</strong></span> <span class='ocrx_word' id='word_1_770' title='bbox 3286 4742 3488 4792; x_wconf 77' lang='lat' dir='ltr'><strong>csxvu,</strong></span> <span class='ocrx_word' id='word_1_771' title='bbox 3535 4726 3613 4797; x_wconf 48' lang='grc' dir='ltr'><strong>βε</strong></span> <span class='ocrx_word' id='word_1_772' title='bbox 3652 4723 3704 4777; x_wconf 83' lang='lat'><strong>5.</strong></span> 
     </span>
    </p>
   </div>
   <div class='ocr_carea' id='block_1_100' title="bbox 460 4786 2028 4868">
    <p class='ocr_par' dir='ltr' id='par_1_100' title="bbox 460 4786 2007 4868">
     <span class='ocr_line' id='line_1_100' title="bbox 460 4786 2007 4868; baseline 0.009 -35"><span class='ocrx_word' id='word_1_773' title='bbox 460 4790 507 4821; x_wconf 70' lang='grc' dir='ltr'><strong>να</strong></span> <span class='ocrx_word' id='word_1_774' title='bbox 533 4787 651 4868; x_wconf 53' lang='lat' dir='ltr'><strong>Gal.</strong></span> <span class='ocrx_word' id='word_1_775' title='bbox 683 4804 774 4868; x_wconf 36' lang='grc' dir='ltr'><strong>ιγ’,</strong></span> <span class='ocrx_word' id='word_1_776' title='bbox 981 4788 1024 4819; x_wconf 75' lang='grc'><strong>’⁷</strong></span> <span class='ocrx_word' id='word_1_777' title='bbox 1047 4786 1192 4868; x_wconf 64' lang='lat' dir='ltr'><strong>Psal.</strong></span> <span class='ocrx_word' id='word_1_778' title='bbox 1224 4802 1404 4868; x_wconf 61' lang='lat' dir='ltr'><strong>catam</strong></span> <span class='ocrx_word' id='word_1_779' title='bbox 1434 4829 1448 4852; x_wconf 91' lang='lat'><strong>,</strong></span> <span class='ocrx_word' id='word_1_780' title='bbox 1479 4788 1527 4841; x_wconf 80' lang='grc'><strong>5.</strong></span> <span class='ocrx_word' id='word_1_781' title='bbox 1603 4790 1657 4868; x_wconf 38' lang='grc' dir='ltr'><strong>ξδ’</strong></span> <span class='ocrx_word' id='word_1_782' title='bbox 1676 4788 1863 4843; x_wconf 81' lang='lat' dir='ltr'><strong>Matth.</strong></span> <span class='ocrx_word' id='word_1_783' title='bbox 1901 4809 2007 4848; x_wconf 63' lang='grc' dir='ltr'><strong>χχιι</strong></span> 
     </span>
    </p>
   </div>
   <div class='ocr_carea' id='block_1_101' title="bbox 2128 4786 3703 4868">
    <p class='ocr_par' dir='ltr' id='par_1_101' title="bbox 2128 4786 3703 4868">
     <span class='ocr_line' id='line_1_101' title="bbox 2128 4786 3703 4868; baseline -0.004 -15"><span class='ocrx_word' id='word_1_784' title='bbox 2128 4786 2179 4853; x_wconf 77' lang='lat'><strong>9.</strong></span> <span class='ocrx_word' id='word_1_785' title='bbox 2251 4799 2298 4830; x_wconf 83' lang='grc'><strong>⁹⁹</strong></span> <span class='ocrx_word' id='word_1_786' title='bbox 2320 4813 2439 4868; x_wconf 90' lang='lat' dir='ltr'><strong>cap.</strong></span> <span class='ocrx_word' id='word_1_787' title='bbox 2466 4786 2675 4861; x_wconf 41' lang='grc' dir='ltr'><strong>πίνω-ὲ,</strong></span> <span class='ocrx_word' id='word_1_788' title='bbox 2711 4797 2803 4853; x_wconf 77' lang='lat' dir='ltr'><strong>2i.</strong></span> <span class='ocrx_word' id='word_1_789' title='bbox 2876 4799 2891 4830; x_wconf 79' lang='lat'>‘</span> <span class='ocrx_word' id='word_1_790' title='bbox 2918 4796 3108 4852; x_wconf 76' lang='lat' dir='ltr'><strong>Matth.</strong></span> <span class='ocrx_word' id='word_1_791' title='bbox 3141 4813 3276 4862; x_wconf 61' lang='grc' dir='ltr'><strong>ιλιι,</strong></span> <span class='ocrx_word' id='word_1_792' title='bbox 3314 4796 3400 4851; x_wconf 78' lang='lat' dir='ltr'><strong>l0.</strong></span> <span class='ocrx_word' id='word_1_793' title='bbox 3476 4786 3500 4827; x_wconf 63' lang='grc'><strong>³</strong></span> <span class='ocrx_word' id='word_1_794' title='bbox 3532 4795 3551 4849; x_wconf 93' lang='lat' dir='ltr'><strong>l</strong></span> <span class='ocrx_word' id='word_1_795' title='bbox 3579 4794 3703 4849; x_wconf 87' lang='lat' dir='ltr'><strong>Cor.</strong></span> 
     </span>
    </p>
   </div>
   <div class='ocr_carea' id='block_1_102' title="bbox 463 4856 1687 4925">
    <p class='ocr_par' dir='ltr' id='par_1_102' title="bbox 463 4856 1687 4925">
     <span class='ocr_line' id='line_1_102' title="bbox 463 4856 1687 4925; baseline -0.001 -11"><span class='ocrx_word' id='word_1_796' title='bbox 463 4875 552 4925; x_wconf 78' lang='lat' dir='ltr'><strong>xv,</strong></span> <span class='ocrx_word' id='word_1_797' title='bbox 579 4859 667 4915; x_wconf 71' lang='lat'><strong>49.</strong></span> <span class='ocrx_word' id='word_1_798' title='bbox 744 4857 764 4890; x_wconf 89' lang='grc'><em>³</em></span> <span class='ocrx_word' id='word_1_799' title='bbox 791 4857 944 4912; x_wconf 82' lang='lat' dir='ltr'><strong>Deut.</strong></span> <span class='ocrx_word' id='word_1_800' title='bbox 982 4873 1037 4923; x_wconf 72' lang='grc' dir='ltr'><strong>ι,</strong></span> <span class='ocrx_word' id='word_1_801' title='bbox 1069 4857 1154 4912; x_wconf 75' lang='grc'><strong>12.</strong></span> <span class='ocrx_word' id='word_1_802' title='bbox 1231 4856 1408 4912; x_wconf 74' lang='lat' dir='ltr'><strong>‘Luc.</strong></span> <span class='ocrx_word' id='word_1_803' title='bbox 1452 4873 1564 4921; x_wconf 72' lang='lat' dir='ltr'><strong>xm,</strong></span> <span class='ocrx_word' id='word_1_804' title='bbox 1599 4858 1687 4913; x_wconf 66' lang='grc' dir='ltr'><strong>ἐι.</strong></span> 
     </span>
    </p>
   </div>
   <div class='ocr_carea' id='block_1_103' title="bbox 465 4950 2029 5023">
    <p class='ocr_par' dir='ltr' id='par_1_103' title="bbox 465 4950 2029 5023">
     <span class='ocr_line' id='line_1_103' title="bbox 465 4950 2029 5023; baseline 0.002 -18"><span class='ocrx_word' id='word_1_805' title='bbox 465 4967 738 5023; x_wconf 74' lang='lat' dir='ltr'><strong>corporum</strong></span> <span class='ocrx_word' id='word_1_806' title='bbox 774 4951 999 5023; x_wconf 76' lang='lat' dir='ltr'><strong>tolitur,</strong></span> <span class='ocrx_word' id='word_1_807' title='bbox 1045 4950 1135 5023; x_wconf 82' lang='lat' dir='ltr'><strong>sed</strong></span> <span class='ocrx_word' id='word_1_808' title='bbox 1180 4950 1364 5023; x_wconf 76' lang='lat' dir='ltr'><strong>gloria:</strong></span> <span class='ocrx_word' id='word_1_809' title='bbox 1412 4951 1717 5018; x_wconf 81' lang='lat' dir='ltr'><strong>magnitudo</strong></span> <span class='ocrx_word' id='word_1_810' title='bbox 1766 4965 2029 5023; x_wconf 83' lang='lat' dir='ltr'><strong>monstra-</strong></span> 
     </span>
    </p>
   </div>
   <div class='ocr_carea' id='block_1_104' title="bbox 466 5019 2030 5090">
    <p class='ocr_par' dir='ltr' id='par_1_104' title="bbox 466 5019 2030 5090">
     <span class='ocr_line' id='line_1_104' title="bbox 466 5019 2030 5090; baseline 0.001 -14"><span class='ocrx_word' id='word_1_811' title='bbox 466 5019 571 5076; x_wconf 75' lang='lat' dir='ltr'><strong>tur.</strong></span> <span class='ocrx_word' id='word_1_812' title='bbox 615 5019 795 5090; x_wconf 82' lang='lat' dir='ltr'><strong>Neque</strong></span> <span class='ocrx_word' id='word_1_813' title='bbox 839 5022 975 5073; x_wconf 88' lang='lat' dir='ltr'><strong>enim</strong></span> <span class='ocrx_word' id='word_1_814' title='bbox 1014 5019 1265 5090; x_wconf 81' lang='lat' dir='ltr'><strong>scriptum</strong></span> <span class='ocrx_word' id='word_1_815' title='bbox 1307 5028 1413 5080; x_wconf 86' lang='lat' dir='ltr'><strong>est,</strong></span> <span class='ocrx_word' id='word_1_816' title='bbox 1473 5029 1621 5072; x_wconf 64' lang='lat' dir='ltr'><strong>erunt</strong></span> <span class='ocrx_word' id='word_1_817' title='bbox 1665 5022 1871 5088; x_wconf 70' lang='lat' dir='ltr'><strong>angeli,</strong></span> <span class='ocrx_word' id='word_1_818' title='bbox 1918 5025 2030 5090; x_wconf 82' lang='lat' dir='ltr'><strong>sed,</strong></span> 
     </span>
    </p>
   </div>
   <div class='ocr_carea' id='block_1_105' title="bbox 471 5089 2030 5161">
    <p class='ocr_par' dir='ltr' id='par_1_105' title="bbox 471 5089 2030 5161">
     <span class='ocr_line' id='line_1_105' title="bbox 471 5089 2030 5161; baseline 0.001 -16"><span class='ocrx_word' id='word_1_819' title='bbox 471 5115 488 5145; x_wconf 74' lang='grc' dir='ltr'>ι</span> <span class='ocrx_word' id='word_1_820' title='bbox 522 5093 656 5146; x_wconf 86' lang='lat' dir='ltr'><strong>sicut</strong></span> <span class='ocrx_word' id='word_1_821' title='bbox 690 5089 861 5161; x_wconf 83' lang='lat' dir='ltr'><strong>angeli</strong></span> <span class='ocrx_word' id='word_1_822' title='bbox 901 5103 918 5140; x_wconf 92' lang='lat'><em>:</em></span> <span class='ocrx_word' id='word_1_823' title='bbox 952 5109 970 5140; x_wconf 73' lang='grc' dir='ltr'><strong><em>ι</em></strong></span> <span class='ocrx_word' id='word_1_824' title='bbox 1006 5090 1095 5143; x_wconf 87' lang='lat' dir='ltr'><strong>ubi</strong></span> <span class='ocrx_word' id='word_1_825' title='bbox 1122 5089 1799 5161; x_wconf 78' lang='lat' dir='ltr'><strong>similitudopromittitur,</strong></span> <span class='ocrx_word' id='word_1_826' title='bbox 1843 5089 2030 5147; x_wconf 78' lang='lat' dir='ltr'><strong>veritas</strong></span> 
     </span>
    </p>
   </div>
   <div class='ocr_carea' id='block_1_106' title="bbox 466 5159 2033 5283">
    <p class='ocr_par' dir='ltr' id='par_1_106' title="bbox 466 5159 2033 5283">
     <span class='ocr_line' id='line_1_106' title="bbox 466 5159 2033 5283; baseline 0.001 -68"><span class='ocrx_word' id='word_1_827' title='bbox 466 5159 775 5283; x_wconf 43' lang='lat' dir='ltr'><strong>denegatur.</strong></span> <span class='ocrx_word' id='word_1_828' title='bbox 825 5178 844 5211; x_wconf 74' lang='grc' dir='ltr'>ι</span> <span class='ocrx_word' id='word_1_829' title='bbox 881 5161 1089 5221; x_wconf 85' lang='lat' dir='ltr'><strong>Erunt,</strong></span> <span class='ocrx_word' id='word_1_830' title='bbox 1140 5160 1340 5229; x_wconf 85' lang='lat' dir='ltr'><strong>inquit,</strong></span> <span class='ocrx_word' id='word_1_831' title='bbox 1391 5160 1525 5212; x_wconf 87' lang='lat' dir='ltr'><strong>sicut</strong></span> <span class='ocrx_word' id='word_1_832' title='bbox 1573 5159 1779 5226; x_wconf 86' lang='lat' dir='ltr'><strong>angeli,</strong></span> <span class='ocrx_word' id='word_1_833' title='bbox 1823 5180 1841 5211; x_wconf 75' lang='grc' dir='ltr'>ι</span> <span class='ocrx_word' id='word_1_834' title='bbox 1876 5164 1930 5215; x_wconf 89' lang='lat' dir='ltr'><strong>id</strong></span> <span class='ocrx_word' id='word_1_835' title='bbox 1955 5173 2033 5217; x_wconf 88' lang='lat' dir='ltr'><strong>est</strong></span> 
     </span>
     <span class='ocr_line' id='line_1_107' title="bbox 466 5230 2031 5283; baseline 0.001 0"><span class='ocrx_word' id='word_1_836' title='bbox 466 5235 583 5283; x_wconf 53' lang='lat' dir='ltr'><strong>simi</strong></span> <span class='ocrx_word' id='word_1_837' title='bbox 611 5247 663 5283; x_wconf 88' lang='lat' dir='ltr'><strong>es</strong></span> <span class='ocrx_word' id='word_1_838' title='bbox 690 5231 996 5283; x_wconf 89' lang='lat' dir='ltr'><strong>anaelorum</strong></span> <span class='ocrx_word' id='word_1_839' title='bbox 1019 5245 1038 5282; x_wconf 88' lang='lat'><strong><em>:</em></strong></span> <span class='ocrx_word' id='word_1_840' title='bbox 1066 5245 1187 5283; x_wconf 88' lang='lat' dir='ltr'><strong>erao</strong></span> <span class='ocrx_word' id='word_1_841' title='bbox 1221 5230 1452 5281; x_wconf 84' lang='lat' dir='ltr'><strong>homines</strong></span> <span class='ocrx_word' id='word_1_842' title='bbox 1499 5244 1610 5281; x_wconf 81' lang='lat' dir='ltr'><strong>csse</strong></span> <span class='ocrx_word' id='word_1_843' title='bbox 1641 5245 1741 5281; x_wconf 90' lang='lat' dir='ltr'><strong>non</strong></span> <span class='ocrx_word' id='word_1_844' title='bbox 1770 5230 2031 5283; x_wconf 73' lang='lat' dir='ltr'><strong>desinent.</strong></span> 
     </span>
    </p>
   </div>
   <div class='ocr_carea' id='block_1_107' title="bbox 466 5230 2031 5300">
    <p class='ocr_par' dir='ltr' id='par_1_107' title="bbox 466 5230 2031 5300">
     <span class='ocr_line' id='line_1_108' title="bbox 466 5230 2031 5300; baseline 0.001 -16"><span class='ocrx_word' id='word_1_845' title='bbox 466 5230 663 5285; x_wconf 56' lang='lat' dir='ltr'><strong>similes</strong></span> <span class='ocrx_word' id='word_1_846' title='bbox 690 5231 996 5300; x_wconf 89' lang='lat' dir='ltr'><strong>angelorum</strong></span> <span class='ocrx_word' id='word_1_847' title='bbox 1019 5245 1038 5282; x_wconf 88' lang='lat'><strong><em>:</em></strong></span> <span class='ocrx_word' id='word_1_848' title='bbox 1066 5245 1187 5298; x_wconf 88' lang='lat' dir='ltr'><strong>ergo</strong></span> <span class='ocrx_word' id='word_1_849' title='bbox 1221 5230 1452 5281; x_wconf 84' lang='lat' dir='ltr'><strong>homines</strong></span> <span class='ocrx_word' id='word_1_850' title='bbox 1490 5244 1610 5300; x_wconf 49' lang='lat' dir='ltr'><strong>esse</strong></span> <span class='ocrx_word' id='word_1_851' title='bbox 1641 5245 1741 5281; x_wconf 91' lang='lat' dir='ltr'><strong>non</strong></span> <span class='ocrx_word' id='word_1_852' title='bbox 1770 5230 2031 5285; x_wconf 73' lang='lat' dir='ltr'><strong>desinent.</strong></span> 
     </span>
    </p>
   </div>
   <div class='ocr_carea' id='block_1_108' title="bbox 463 5297 2036 5367">
    <p class='ocr_par' dir='ltr' id='par_1_108' title="bbox 463 5297 2036 5367">
     <span class='ocr_line' id='line_1_109' title="bbox 463 5297 2036 5367; baseline 0.001 -14"><span class='ocrx_word' id='word_1_853' title='bbox 463 5305 728 5355; x_wconf 70' lang='lat' dir='ltr'><strong>tlzctez-nm</strong></span> <span class='ocrx_word' id='word_1_854' title='bbox 764 5297 947 5354; x_wconf 89' lang='lat' dir='ltr'><strong>inultis</strong></span> <span class='ocrx_word' id='word_1_855' title='bbox 974 5297 1268 5364; x_wconf 32' lang='lat' dir='ltr'><strong>saepe’tocis</strong></span> <span class='ocrx_word' id='word_1_856' title='bbox 1293 5300 1457 5353; x_wconf 88' lang='lat' dir='ltr'><strong>hocce</strong></span> <span class='ocrx_word' id='word_1_857' title='bbox 1478 5297 1728 5367; x_wconf 87' lang='lat' dir='ltr'><strong>Origenis</strong></span> <span class='ocrx_word' id='word_1_858' title='bbox 1754 5314 2036 5355; x_wconf 80' lang='lat' dir='ltr'><strong>commcn-</strong></span> 
     </span>
    </p>
   </div>
   <div class='ocr_carea' id='block_1_109' title="bbox 466 5369 1264 5425">
    <p class='ocr_par' dir='ltr' id='par_1_109' title="bbox 466 5369 1264 5425">
     <span class='ocr_line' id='line_1_110' title="bbox 466 5369 1264 5425; baseline -0.013 -1"><span class='ocrx_word' id='word_1_859' title='bbox 466 5382 577 5425; x_wconf 91' lang='lat' dir='ltr'><strong>tnm</strong></span> <span class='ocrx_word' id='word_1_860' title='bbox 612 5369 668 5423; x_wconf 89' lang='lat' dir='ltr'><strong>S.</strong></span> <span class='ocrx_word' id='word_1_861' title='bbox 701 5370 889 5423; x_wconf 88' lang='lat' dir='ltr'><strong>doctor</strong></span> <span class='ocrx_word' id='word_1_862' title='bbox 913 5370 1126 5422; x_wconf 84' lang='lat' dir='ltr'><strong>rel&#39;elht.</strong></span> <span class='ocrx_word' id='word_1_863' title='bbox 1236 5394 1264 5414; x_wconf 69' lang='grc' dir='ltr'><strong><em>α</em></strong></span> 
     </span>
    </p>
   </div>
   <div class='ocr_carea' id='block_1_110' title="bbox 534 5435 2035 5509">
    <p class='ocr_par' dir='ltr' id='par_1_110' title="bbox 534 5435 2035 5509">
     <span class='ocr_line' id='line_1_111' title="bbox 534 5435 2035 5509; baseline 0.001 -17"><span class='ocrx_word' id='word_1_864' title='bbox 534 5441 647 5509; x_wconf 66' lang='lat' dir='ltr'><strong>(id)</strong></span> <span class='ocrx_word' id='word_1_865' title='bbox 684 5438 969 5492; x_wconf 81' lang='lat' dir='ltr'><strong>Nonnullis</strong></span> <span class='ocrx_word' id='word_1_866' title='bbox 1017 5448 1147 5509; x_wconf 63' lang='lat' dir='ltr'><strong>post</strong></span> <span class='ocrx_word' id='word_1_867' title='bbox 1175 5436 1430 5509; x_wconf 66' lang='lat' dir='ltr'><strong>Danaum</strong></span> <span class='ocrx_word' id='word_1_868' title='bbox 1476 5437 1625 5490; x_wconf 79' lang='lat' dir='ltr'><strong>visus</strong></span> <span class='ocrx_word' id='word_1_869' title='bbox 1650 5446 1733 5492; x_wconf 89' lang='lat' dir='ltr'><strong>est</strong></span> <span class='ocrx_word' id='word_1_870' title='bbox 1772 5435 2035 5505; x_wconf 75' lang='lat' dir='ltr'><strong>Origenes</strong></span> 
     </span>
    </p>
   </div>
   <div class='ocr_carea' id='block_1_111' title="bbox 468 5507 2035 5578">
    <p class='ocr_par' dir='ltr' id='par_1_111' title="bbox 468 5507 2035 5578">
     <span class='ocr_line' id='line_1_112' title="bbox 468 5507 2035 5578; baseline -0.001 -13"><span class='ocrx_word' id='word_1_871' title='bbox 468 5507 783 5565; x_wconf 61' lang='lat' dir='ltr'><strong>existimare</strong></span> <span class='ocrx_word' id='word_1_872' title='bbox 818 5510 919 5561; x_wconf 89' lang='lat' dir='ltr'><strong>hoc</strong></span> <span class='ocrx_word' id='word_1_873' title='bbox 949 5510 1087 5572; x_wconf 89' lang='lat' dir='ltr'><strong>loco,</strong></span> <span class='ocrx_word' id='word_1_874' title='bbox 1115 5507 1443 5578; x_wconf 67' lang='lat' dir='ltr'><strong>Saddurzeos</strong></span> <span class='ocrx_word' id='word_1_875' title='bbox 1469 5514 1630 5575; x_wconf 74' lang='lat' dir='ltr'><strong>(quos</strong></span> <span class='ocrx_word' id='word_1_876' title='bbox 1658 5518 1890 5569; x_wconf 87' lang='lat' dir='ltr'><strong>constat,</strong></span> <span class='ocrx_word' id='word_1_877' title='bbox 1917 5510 2035 5578; x_wconf 84' lang='lat' dir='ltr'><strong>ipso</strong></span> 
     </span>
    </p>
   </div>
   <div class='ocr_carea' id='block_1_112' title="bbox 468 5575 2032 5647">
    <p class='ocr_par' dir='ltr' id='par_1_112' title="bbox 468 5575 2032 5647">
     <span class='ocr_line' id='line_1_113' title="bbox 468 5575 2032 5647; baseline -0.001 -16"><span class='ocrx_word' id='word_1_878' title='bbox 468 5579 784 5647; x_wconf 71' lang='lat' dir='ltr'><strong>neutiquam</strong></span> <span class='ocrx_word' id='word_1_879' title='bbox 805 5578 1081 5640; x_wconf 85' lang='lat' dir='ltr'><strong>dillitente,</strong></span> <span class='ocrx_word' id='word_1_880' title='bbox 1101 5578 1246 5631; x_wconf 87' lang='lat' dir='ltr'><strong>solos</strong></span> <span class='ocrx_word' id='word_1_881' title='bbox 1268 5575 1466 5646; x_wconf 81' lang='lat' dir='ltr'><strong>Moysis</strong></span> <span class='ocrx_word' id='word_1_882' title='bbox 1487 5579 1652 5632; x_wconf 78' lang='lat' dir='ltr'><strong>libros</strong></span> <span class='ocrx_word' id='word_1_883' title='bbox 1673 5578 1724 5630; x_wconf 91' lang='lat' dir='ltr'><strong>iu</strong></span> <span class='ocrx_word' id='word_1_884' title='bbox 1749 5575 2032 5632; x_wconf 78' lang='lat' dir='ltr'><strong>sacrarum</strong></span> 
     </span>
    </p>
   </div>
   <div class='ocr_carea' id='block_1_113' title="bbox 470 5647 2035 5718">
    <p class='ocr_par' dir='ltr' id='par_1_113' title="bbox 470 5647 2035 5718">
     <span class='ocr_line' id='line_1_114' title="bbox 470 5647 2035 5718; baseline -0.001 -17"><span class='ocrx_word' id='word_1_885' title='bbox 470 5650 879 5718; x_wconf 66' lang='lat' dir='ltr'><strong>Scripturarum</strong></span> <span class='ocrx_word' id='word_1_886' title='bbox 907 5661 1131 5702; x_wconf 85' lang='lat' dir='ltr'><strong>censum</strong></span> <span class='ocrx_word' id='word_1_887' title='bbox 1159 5647 1469 5718; x_wconf 81' lang='lat' dir='ltr'><strong>admisisse)</strong></span> <span class='ocrx_word' id='word_1_888' title='bbox 1498 5648 1774 5718; x_wconf 78' lang='lat' dir='ltr'><strong>prephetis</strong></span> <span class='ocrx_word' id='word_1_889' title='bbox 1796 5663 2035 5718; x_wconf 77' lang='lat' dir='ltr'><strong>qttoque,</strong></span> 
     </span>
    </p>
   </div>
   <div class='ocr_carea' id='block_1_114' title="bbox 468 5717 2034 5783">
    <p class='ocr_par' dir='ltr' id='par_1_114' title="bbox 468 5717 2034 5783">
     <span class='ocr_line' id='line_1_115' title="bbox 468 5717 2034 5783; baseline 0 -11"><span class='ocrx_word' id='word_1_890' title='bbox 468 5730 521 5773; x_wconf 69' lang='lat' dir='ltr'><strong>et</strong></span> <span class='ocrx_word' id='word_1_891' title='bbox 547 5717 772 5772; x_wconf 65' lang='lat' dir='ltr'><strong>Psalmis</strong></span> <span class='ocrx_word' id='word_1_892' title='bbox 793 5718 1035 5771; x_wconf 70' lang='lat' dir='ltr'><strong>eamdem</strong></span> <span class='ocrx_word' id='word_1_893' title='bbox 1061 5717 1314 5769; x_wconf 73' lang='lat' dir='ltr'><strong>tribuisse</strong></span> <span class='ocrx_word' id='word_1_894' title='bbox 1337 5717 1709 5771; x_wconf 67' lang='lat' dir='ltr'><strong>auctoritatem</strong></span> <span class='ocrx_word' id='word_1_895' title='bbox 1733 5736 1745 5781; x_wconf 88' lang='lat'><strong>;</strong></span> <span class='ocrx_word' id='word_1_896' title='bbox 1768 5717 2034 5783; x_wconf 83' lang='lat' dir='ltr'><strong>siquidem</strong></span> 
     </span>
    </p>
   </div>
   <div class='ocr_carea' id='block_1_115' title="bbox 2135 4951 3708 5021">
    <p class='ocr_par' dir='ltr' id='par_1_115' title="bbox 2135 4951 3708 5021">
     <span class='ocr_line' id='line_1_116' title="bbox 2135 4951 3708 5021; baseline -0.004 -12"><span class='ocrx_word' id='word_1_897' title='bbox 2135 4954 2287 5009; x_wconf 62' lang='lat' dir='ltr'><strong>Isaiae</strong></span> <span class='ocrx_word' id='word_1_898' title='bbox 2314 4966 2419 5007; x_wconf 73' lang='lat' dir='ltr'><strong>va</strong></span> <span class='ocrx_word' id='word_1_899' title='bbox 2447 4961 2497 5005; x_wconf 78' lang='lat' dir='ltr'><strong>et</strong></span> <span class='ocrx_word' id='word_1_900' title='bbox 2534 4953 2725 5021; x_wconf 84' lang='lat' dir='ltr'><strong>psalmi</strong></span> <span class='ocrx_word' id='word_1_901' title='bbox 2760 4968 2944 5007; x_wconf 75' lang='lat' dir='ltr'><strong>cxxvn</strong></span> <span class='ocrx_word' id='word_1_902' title='bbox 2982 4951 3313 5015; x_wconf 85' lang='lat' dir='ltr'><strong>testimonia,</strong></span> <span class='ocrx_word' id='word_1_903' title='bbox 3348 4967 3471 5021; x_wconf 71' lang='lat' dir='ltr'><strong>qum</strong></span> <span class='ocrx_word' id='word_1_904' title='bbox 3506 4951 3708 5015; x_wconf 82' lang='lat' dir='ltr'><strong>laudat,</strong></span> 
     </span>
    </p>
   </div>
   <div class='ocr_carea' id='block_1_116' title="bbox 2141 5022 3711 5092">
    <p class='ocr_par' dir='ltr' id='par_1_116' title="bbox 2141 5022 3711 5092">
     <span class='ocr_line' id='line_1_117' title="bbox 2141 5022 3711 5092; baseline -0.004 -12"><span class='ocrx_word' id='word_1_905' title='bbox 2141 5027 2209 5080; x_wconf 87' lang='lat' dir='ltr'><strong>ab</strong></span> <span class='ocrx_word' id='word_1_906' title='bbox 2238 5024 2304 5078; x_wconf 91' lang='lat' dir='ltr'><strong>iis</strong></span> <span class='ocrx_word' id='word_1_907' title='bbox 2334 5023 2494 5076; x_wconf 89' lang='lat' dir='ltr'><strong>tradit</strong></span> <span class='ocrx_word' id='word_1_908' title='bbox 2517 5024 2872 5091; x_wconf 85' lang='lat' dir='ltr'><strong>corporaliter</strong></span> <span class='ocrx_word' id='word_1_909' title='bbox 2897 5023 3191 5092; x_wconf 83' lang='lat' dir='ltr'><strong>intellecta,</strong></span> <span class='ocrx_word' id='word_1_910' title='bbox 3214 5023 3372 5092; x_wconf 83' lang='lat' dir='ltr'><strong>cujus</strong></span> <span class='ocrx_word' id='word_1_911' title='bbox 3397 5022 3711 5092; x_wconf 74' lang='lat' dir='ltr'><strong>ignorantia:</strong></span> 
     </span>
    </p>
   </div>
   <div class='ocr_carea' id='block_1_117' title="bbox 2139 5090 3711 5149">
    <p class='ocr_par' dir='ltr' id='par_1_117' title="bbox 2139 5090 3711 5149">
     <span class='ocr_line' id='line_1_118' title="bbox 2139 5090 3711 5149; baseline -0.004 0"><span class='ocrx_word' id='word_1_912' title='bbox 2139 5112 2168 5149; x_wconf 86' lang='lat' dir='ltr'><strong>a</strong></span> <span class='ocrx_word' id='word_1_913' title='bbox 2217 5093 2499 5148; x_wconf 75' lang='lat' dir='ltr'><strong>Salvatore</strong></span> <span class='ocrx_word' id='word_1_914' title='bbox 2543 5090 2890 5146; x_wconf 83' lang='lat' dir='ltr'><strong>accusantur.</strong></span> <span class='ocrx_word' id='word_1_915' title='bbox 2937 5091 3135 5146; x_wconf 82' lang='lat' dir='ltr'><strong>Verum</strong></span> <span class='ocrx_word' id='word_1_916' title='bbox 3174 5090 3608 5146; x_wconf 29' lang='lat' dir='ltr'><strong>etsi‘dederimns</strong></span> <span class='ocrx_word' id='word_1_917' title='bbox 3642 5090 3711 5143; x_wconf 86' lang='lat' dir='ltr'><strong>ita</strong></span> 
     </span>
    </p>
   </div>
   <div class='ocr_carea' id='block_1_118' title="bbox 2140 5161 3712 5231">
    <p class='ocr_par' dir='ltr' id='par_1_118' title="bbox 2140 5161 3712 5231">
     <span class='ocr_line' id='line_1_119' title="bbox 2140 5161 3712 5231; baseline -0.003 -14"><span class='ocrx_word' id='word_1_918' title='bbox 2140 5166 2285 5217; x_wconf 89' lang='lat' dir='ltr'><strong>hunc</strong></span> <span class='ocrx_word' id='word_1_919' title='bbox 2319 5162 2587 5231; x_wconf 89' lang='lat' dir='ltr'><strong>superiori</strong></span> <span class='ocrx_word' id='word_1_920' title='bbox 2624 5171 2936 5215; x_wconf 75' lang='lat' dir='ltr'><strong>contextum</strong></span> <span class='ocrx_word' id='word_1_921' title='bbox 2978 5164 3218 5225; x_wconf 67' lang='lat' dir='ltr'><strong>haerere,</strong></span> <span class='ocrx_word' id='word_1_922' title='bbox 3250 5173 3330 5223; x_wconf 88' lang='lat' dir='ltr'><strong>ut,</strong></span> <span class='ocrx_word' id='word_1_923' title='bbox 3372 5176 3493 5230; x_wconf 66' lang='lat' dir='ltr'><strong>quae</strong></span> <span class='ocrx_word' id='word_1_924' title='bbox 3526 5161 3712 5214; x_wconf 83' lang='lat' dir='ltr'><strong>laudat</strong></span> 
     </span>
    </p>
   </div>
   <div class='ocr_carea' id='block_1_119' title="bbox 2137 5231 3709 5302">
    <p class='ocr_par' dir='ltr' id='par_1_119' title="bbox 2137 5231 3709 5302">
     <span class='ocr_line' id='line_1_120' title="bbox 2137 5231 3709 5302; baseline -0.003 -15"><span class='ocrx_word' id='word_1_925' title='bbox 2137 5234 2433 5302; x_wconf 83' lang='lat' dir='ltr'><strong>Origenes,</strong></span> <span class='ocrx_word' id='word_1_926' title='bbox 2465 5234 2740 5302; x_wconf 65' lang='lat' dir='ltr'><strong>pmphelaa</strong></span> <span class='ocrx_word' id='word_1_927' title='bbox 2782 5248 2846 5286; x_wconf 90' lang='lat' dir='ltr'><strong>ac</strong></span> <span class='ocrx_word' id='word_1_928' title='bbox 2895 5231 3113 5286; x_wconf 79' lang='lat' dir='ltr'><strong>Davidis</strong></span> <span class='ocrx_word' id='word_1_929' title='bbox 3150 5232 3313 5285; x_wconf 83' lang='lat' dir='ltr'><strong>verba</strong></span> <span class='ocrx_word' id='word_1_930' title='bbox 3360 5246 3639 5302; x_wconf 82' lang='lat' dir='ltr'><strong>perperam</strong></span> <span class='ocrx_word' id='word_1_931' title='bbox 3679 5244 3709 5283; x_wconf 85' lang='lat' dir='ltr'><strong>a</strong></span> 
     </span>
    </p>
   </div>
   <div class='ocr_carea' id='block_1_120' title="bbox 2141 5300 3711 5371">
    <p class='ocr_par' dir='ltr' id='par_1_120' title="bbox 2141 5300 3711 5371">
     <span class='ocr_line' id='line_1_121' title="bbox 2141 5300 3711 5371; baseline -0.003 -14"><span class='ocrx_word' id='word_1_932' title='bbox 2141 5300 2455 5357; x_wconf 72' lang='lat' dir='ltr'><strong>Sadducaeis</strong></span> <span class='ocrx_word' id='word_1_933' title='bbox 2479 5301 2681 5355; x_wconf 85' lang='lat' dir='ltr'><strong>diceret</strong></span> <span class='ocrx_word' id='word_1_934' title='bbox 2706 5313 2947 5371; x_wconf 73' lang='lat' dir='ltr'><strong>accepta,</strong></span> <span class='ocrx_word' id='word_1_935' title='bbox 2983 5318 3088 5355; x_wconf 92' lang='lat' dir='ltr'><strong>non</strong></span> <span class='ocrx_word' id='word_1_936' title='bbox 3120 5301 3247 5355; x_wconf 89' lang='lat' dir='ltr'><strong>hinc</strong></span> <span class='ocrx_word' id='word_1_937' title='bbox 3272 5310 3468 5371; x_wconf 62' lang='lat' dir='ltr'><strong>tamen</strong></span> <span class='ocrx_word' id='word_1_938' title='bbox 3488 5300 3711 5368; x_wconf 83' lang='lat' dir='ltr'><strong>colligas</strong></span> 
     </span>
    </p>
   </div>
   <div class='ocr_carea' id='block_1_121' title="bbox 2136 5368 3709 5426">
    <p class='ocr_par' dir='ltr' id='par_1_121' title="bbox 2136 5368 3709 5426">
     <span class='ocr_line' id='line_1_122' title="bbox 2136 5368 3709 5426; baseline -0.003 0"><span class='ocrx_word' id='word_1_939' title='bbox 2136 5372 2377 5426; x_wconf 82' lang='lat' dir='ltr'><strong>sensisse</strong></span> <span class='ocrx_word' id='word_1_940' title='bbox 2413 5371 2565 5424; x_wconf 92' lang='lat' dir='ltr'><strong>illum</strong></span> <span class='ocrx_word' id='word_1_941' title='bbox 2598 5385 2694 5425; x_wconf 91' lang='lat' dir='ltr'><strong>cos</strong></span> <span class='ocrx_word' id='word_1_942' title='bbox 2729 5368 2895 5425; x_wconf 75' lang='lat' dir='ltr'><strong>libtos</strong></span> <span class='ocrx_word' id='word_1_943' title='bbox 2937 5387 2965 5425; x_wconf 92' lang='lat' dir='ltr'><strong>a</strong></span> <span class='ocrx_word' id='word_1_944' title='bbox 2999 5370 3313 5425; x_wconf 65' lang='lat' dir='ltr'><strong>Sadducaeis</strong></span> <span class='ocrx_word' id='word_1_945' title='bbox 3345 5371 3396 5422; x_wconf 90' lang='lat' dir='ltr'><strong>in</strong></span> <span class='ocrx_word' id='word_1_946' title='bbox 3430 5368 3709 5422; x_wconf 83' lang='lat' dir='ltr'><strong>Cauoucm</strong></span> 
     </span>
    </p>
   </div>
   <div class='ocr_carea' id='block_1_122' title="bbox 2139 5439 3714 5510">
    <p class='ocr_par' dir='ltr' id='par_1_122' title="bbox 2139 5439 3714 5510">
     <span class='ocr_line' id='line_1_123' title="bbox 2139 5439 3714 5510; baseline -0.003 -15"><span class='ocrx_word' id='word_1_947' title='bbox 2139 5442 2544 5510; x_wconf 88' lang='lat' dir='ltr'><strong>Scripturarum</strong></span> <span class='ocrx_word' id='word_1_948' title='bbox 2599 5442 2815 5495; x_wconf 82' lang='lat' dir='ltr'><strong>relatos.</strong></span> <span class='ocrx_word' id='word_1_949' title='bbox 2869 5440 3050 5497; x_wconf 88' lang='lat' dir='ltr'><strong>Potuit</strong></span> <span class='ocrx_word' id='word_1_950' title='bbox 3096 5456 3224 5495; x_wconf 84' lang='lat' dir='ltr'><strong>vero</strong></span> <span class='ocrx_word' id='word_1_951' title='bbox 3258 5439 3387 5493; x_wconf 91' lang='lat' dir='ltr'><strong>illud</strong></span> <span class='ocrx_word' id='word_1_952' title='bbox 3444 5440 3714 5510; x_wconf 69' lang='lat' dir='ltr'><strong>duntaxat</strong></span> 
     </span>
    </p>
   </div>
   <div class='ocr_carea' id='block_1_123' title="bbox 2141 5509 3714 5579">
    <p class='ocr_par' dir='ltr' id='par_1_123' title="bbox 2141 5509 3714 5579">
     <span class='ocr_line' id='line_1_124' title="bbox 2141 5509 3714 5579; baseline -0.002 -16"><span class='ocrx_word' id='word_1_953' title='bbox 2141 5509 2539 5565; x_wconf 78' lang='lat' dir='ltr'><strong>Deuterouonni</strong></span> <span class='ocrx_word' id='word_1_954' title='bbox 2591 5527 2758 5564; x_wconf 51' lang='grc' dir='ltr'>χχχιιι</span> <span class='ocrx_word' id='word_1_955' title='bbox 2799 5512 3207 5575; x_wconf 59' lang='lat' dir='ltr'><strong>testimonium,</strong></span> <span class='ocrx_word' id='word_1_956' title='bbox 3254 5510 3396 5579; x_wconf 91' lang='lat' dir='ltr'><strong>quod</strong></span> <span class='ocrx_word' id='word_1_957' title='bbox 3435 5509 3623 5577; x_wconf 84' lang='lat' dir='ltr'><strong>utique</strong></span> <span class='ocrx_word' id='word_1_958' title='bbox 3660 5518 3714 5560; x_wconf 83' lang='lat' dir='ltr'><strong>ct</strong></span> 
     </span>
    </p>
   </div>
   <div class='ocr_carea' id='block_1_124' title="bbox 2139 5581 3142 5649">
    <p class='ocr_par' dir='ltr' id='par_1_124' title="bbox 2139 5581 3142 5649">
     <span class='ocr_line' id='line_1_125' title="bbox 2139 5581 3142 5649; baseline -0.002 -16"><span class='ocrx_word' id='word_1_959' title='bbox 2139 5581 2420 5634; x_wconf 67' lang='lat' dir='ltr'><strong>Saddueazi</strong></span> <span class='ocrx_word' id='word_1_960' title='bbox 2457 5581 2781 5649; x_wconf 79' lang='lat' dir='ltr'><strong>reciperent,</strong></span> <span class='ocrx_word' id='word_1_961' title='bbox 2812 5582 3142 5649; x_wconf 85' lang='lat' dir='ltr'><strong>respexisse.</strong></span> 
     </span>
    </p>
   </div>
   <div class='ocr_carea' id='block_1_125' title="bbox 2210 5648 3714 5722">
    <p class='ocr_par' dir='ltr' id='par_1_125' title="bbox 2210 5648 3714 5722">
     <span class='ocr_line' id='line_1_126' title="bbox 2210 5648 3714 5722; baseline -0.004 -19"><span class='ocrx_word' id='word_1_962' title='bbox 2210 5651 2322 5722; x_wconf 88' lang='lat' dir='ltr'><strong>(It)</strong></span> <span class='ocrx_word' id='word_1_963' title='bbox 2368 5648 2590 5722; x_wconf 83' lang='lat' dir='ltr'><strong>Lectum</strong></span> <span class='ocrx_word' id='word_1_964' title='bbox 2638 5661 2794 5706; x_wconf 78' lang='lat' dir='ltr'><strong>antea</strong></span> <span class='ocrx_word' id='word_1_965' title='bbox 2839 5648 2974 5720; x_wconf 64' lang='lat' dir='ltr'><strong>quin,</strong></span> <span class='ocrx_word' id='word_1_966' title='bbox 3023 5648 3314 5704; x_wconf 89' lang='lat' dir='ltr'><strong>manilesto</strong></span> <span class='ocrx_word' id='word_1_967' title='bbox 3356 5661 3562 5713; x_wconf 87' lang='lat' dir='ltr'><strong>errore,</strong></span> <span class='ocrx_word' id='word_1_968' title='bbox 3614 5660 3714 5714; x_wconf 91' lang='lat' dir='ltr'><strong>pro</strong></span> 
     </span>
    </p>
   </div>
   <div class='ocr_carea' id='block_1_126' title="bbox 2135 5721 2600 5793">
    <p class='ocr_par' dir='ltr' id='par_1_126' title="bbox 2135 5721 2600 5793">
     <span class='ocr_line' id='line_1_127' title="bbox 2135 5721 2600 5793; baseline 0 -20"><span class='ocrx_word' id='word_1_969' title='bbox 2135 5722 2294 5793; x_wconf 74' lang='lat' dir='ltr'><strong>quod,</strong></span> <span class='ocrx_word' id='word_1_970' title='bbox 2331 5732 2422 5773; x_wconf 85' lang='lat' dir='ltr'><strong>aut</strong></span> <span class='ocrx_word' id='word_1_971' title='bbox 2454 5721 2600 5789; x_wconf 82' lang='lat' dir='ltr'><strong>quia.</strong></span> 
     </span>
    </p>
   </div>
  </div>
