4084 6302
391 342 521 404 19οἸ

1554 349 1984 408 FRAGMENTA
2018 348 2086 409 ΙΝ
2134 354 2391 411 LUCAM.

3500 362 3640 415 i902

384 466 583 535 dignus
615 464 924 535 quibusque
962 462 1084 533 plus
1109 462 1296 517 datum
1330 463 1415 516 est
1447 476 1612 532 quam
1647 465 1960 534 sperabant.
1993 478 2036 531 Α
2066 485 2216 526 rents
2253 469 2493 527 caelestia
2538 469 2831 541 largiatur,
2868 470 2923 524 in
2965 471 3184 528 Christo
3228 471 3357 528 Jesu
3382 512 3400 538 ,
3434 476 3522 529 cui
3554 487 3640 531 est

381 556 724 629 Quapropter
750 564 1033 627 surgentes
1055 570 1276 612 oremus
1306 554 1496 619 Deum,
1524 565 1584 611 ut
1607 557 1756 628 digni
1785 559 1958 617 simus

374 648 577 706 on‘erre
616 649 665 705 ei
698 663 923 704 munera
952 662 1075 719 qua:
1103 647 1261 704 nobis
1301 648 1557 705 restituat
1627 657 1683 704 et
1724 664 1822 718 pro
1851 658 1958 704 ler-

2066 561 2237 630 gloria
2269 570 2321 615 et
2357 560 2643 631 imperium
2681 561 2735 616 in
2772 561 2970 617 szeeula
3001 563 3347 619 szeculornm.
3386 564 3582 622 Amen.

396 862 401 887 Ι
604 862 627 869 ,.
760 864 763 867 .

1318 1025 2038 1124 FRAGMENTA
2120 1033 2696 1127 ORIGENIS

1018 1216 1114 1281 EX
1152 1222 1439 1280 MACARII
1488 1221 2068 1279 CHRYSOCEPIIALI
2110 1221 2582 1280 OIMTIONIBUS
2620 1220 2689 1276 IN
2726 1222 2985 1281 LUCAM.

365 1545 528 1609 Orat.
564 1568 608 1621 ι,
637 1557 727 1622 είς
773 1552 892 1623 τὴν
935 1550 1227 1625 γέννησιν
1256 1552 1367 1607 τοῦ
1391 1552 1566 1622 ἁγίου
1608 1551 1908 1618 Ἰωάννου,

2042 1563 2139 1621 est,
2171 1548 2240 1609 in
2279 1562 2453 1609 ortum
2496 1555 2667 1608 sancti
2699 1551 2957 1620 Joannis,
2991 1555 3109 1611 haec
3141 1552 3392 1628 Origenis
3421 1556 3633 1614 laudat.

442 1671 805 1745 Πραγμάτων
845 1671 904 1726 δὲ
950 1666 1126 1735 εἶπεν,
1174 1668 1297 1723 ἐπεὶ
1345 1670 1406 1723 οὐ
1458 1671 1599 1725 κατὰ
1648 1671 1937 1741 φαντασίαι

2138 1672 2331 1727 Rerum
2375 1671 2532 1737 dixit,
2562 1669 2822 1741 quoniam
2851 1686 2958 1727 non
2993 1672 3353 1742 phantastice,
3385 1682 3448 1728 ut
3476 1674 3633 1731 aiunt

368 1766 514 1821 κατὰ
540 1766 667 1831 τοὺς
704 1765 814 1819 τῶν
855 1762 1149 1839 αίρετικῶν
1195 1763 1392 1827 παῖδας
1437 1762 1871 1836 ὲδραματούργει
1918 1765 1947 1816 ό

384 1857 591 1931 Ἰησοῦς
638 1858 738 1931 τὴν
778 1855 1040 1928 ἔνσαρκον
1082 1855 1248 1910 αὑτοῦ
1281 1854 1601 1927 παρουσίαν,
1634 1853 1789 1917 ἀλλὰ,
1813 1870 1945 1926 τυγ-

364 1950 548 2021 χάνων
576 1949 826 2023 άλήθεια,
839 1949 975 2021 πρὸς
1004 1947 1264 2021 ἀλήθειαν
1307 1944 1406 2017 τὴν
1440 1945 1748 2015 οἰκονομίαν
1782 1946 1948 2000 αὑτοῦ

368 2043 462 2114 ὲνή
472 2059 661 2115 ργησε.

2052 1765 2315 1828 itaaretici,
2341 1765 2647 1819 illusoriam
2685 1765 2769 1821 sui
2804 1767 2859 1819 in
2884 1779 3050 1820 carne
3079 1767 3425 1835 przesentiam
3466 1764 3630 1824 Jesus

2054 1855 2364 1925 praestabat,
2393 1856 2485 1911 sed
2524 1856 2725 1911 veritas
2768 1872 2891 1911 cum
2923 1865 3088 1923 esset,
3120 1868 3245 1912 vere
3277 1857 3628 1929 dispensatio-

2056 1958 2179 1999 nem
2212 1959 2366 2000 suam
2395 1945 2741 2015 operabatur.
3177 1953 3180 1956 ’

1787 2124 1989 2181 Eadem
2020 2136 2162 2180 orat.
2205 2142 2243 2179 ι.

451 2247 670 2319 Ἐπειδὴ
717 2246 828 2319 γάρ
854 2246 1212 2318 ἑρμηνεύεται
1271 2246 1544 2322 Ζαχαρίας
1597 2246 1695 2316 μὲν
1737 2243 1949 2315 μνήμη

362 2339 540 2404 Θεοῦ,
582 2340 833 2410 Ἰωάννης
861 2338 920 2392 δὲ
950 2341 984 2393 ό
1018 2337 1281 2406 δεικνὺς,
1329 2329 1603 2409 μέμνηται
1643 2337 1702 2392 δέ
1742 2355 1825 2402 τις
1855 2336 1951 2391 τοῦ

362 2431 622 2496 ἀπόντος,
651 2431 889 2485 δείκνυσι
932 2430 991 2484 δὲ
1024 2426 1117 2485 τὸν
1152 2427 1542 2502 παρόνταοσδιὰ
1574 2426 1734 2482 τοῦτο
1772 2428 1823 2482 οἱ
1854 2428 1949 2482 τοῦ

366 2523 560 2587 παιδὸς
591 2523 779 2577 τούτου
812 2524 1136 2594 γεννήτορες
1175 2523 1277 2577 οὐκ
1321 2521 1613 2593 ἠνέσχοντο
1651 2521 1713 2577 τδ
1763 2522 1948 2579 καλεῖν

366 2617 665 2690 Ζαχαρίαν,
697 2616 833 2672 ἀλλὰ
865 2617 1066 2690 μᾶλλον
1111 2618 1364 2688 Ἰωάννην
1408 2617 1693 2689 ὀνομάζειν
1722 2618 1941 2690 ἤθελον*

365 2709 500 2763 διότι
551 2708 775 2780 ἔμελλεν
816 2710 938 2781 ούχὶ
989 2700 1347 2782 μνημονεύειν
1392 2707 1526 2763 Θεοῦ
1570 2708 1646 2775 ὡς
1689 2710 1944 2776 ἀπόντος,

357 2799 479 2853 ἀλλ’
509 2800 671 2854 αὐτὸν
713 2802 918 2855 ἐκεῖνον
954 2801 1234 2872 μονονουχὶ
1266 2799 1347 2871 τῷ
1384 2800 1632 2873 δακτύλῳ
1674 2802 1946 2858 δεικνύειν

365 2894 632 2966 παρόντα,
664 2894 759 2948 καὶ
786 2893 995 2963 λέγειν’
1036 2893 1148 2949 Ἴδε
1176 2896 1209 2949 ό
1256 2892 1460 2964 Ἀμνὸς
1484 2893 1592 2948 τοῦ
1625 2896 1794 2950 Θεοῦ.

1861 3014 2015 3073 Orat.

431 3105 543 3158 Καὶ
570 3102 760 3173 μέγας
802 3101 902 3172 οὐχ
950 3102 1028 3166 ὡς
1080 3104 1335 3175 Ἰωάννης
1383 3103 1669 3171 δουλικῶς,
1703 3107 1820 3163 ἀλλ’
1869 3110 1947 3173 ὡς

360 3197 565 3268 Κύριος
591 3194 686 3250 τοῦ
714 3194 936 3259 παντὸς,
981 3196 1075 3249 καὶ
1103 3195 1182 3259 ὡς
1227 3195 1431 3267 Κύριος
1466 3200 1770 3270 πανταχοῦ,
1801 3200 1947 3256 ὥστε

358 3288 479 3360 οὐχὶ
517 3287 607 3341 διὰ
649 3286 912 3358 ῥημάτων
951 3284 1133 3357 μόνον,
1176 3282 1295 3341 ἀλλ’
1332 3285 1480 3360 ἔργῳ
1520 3288 1818 3355 δείκνυται,
1862 3292 1945 3346 ὅτι

355 3380 537 3452 ,μέγας
569 3381 706 3436 ἐστί.

2129 2240 2397 2310 Quoniam
2436 2242 2583 2297 enim
2617 2243 2999 2313 interpretatur
3038 2242 3332 2302 Zacharias
3371 2249 3610 2302 memori.

2056 2329 2178 2398 Dei,
2210 2329 2450 2388 Joannes
2484 2347 2615 2387 vero
2646 2334 2943 2398 ostendens,
2988 2334 3236 2391 meminit
3262 2345 3441 2392 autem
3467 2338 3626 2408 quis~

2051 2425 2199 2495 piam
2241 2424 2503 2491 absentis,
2535 2425 2627 2479 sed
2674 2423 2912 2480 ostendit
2937 2435 3253 2495 praesentem
3293 2446 3306 2482 :
3340 2437 3622 2499 propterea

2053 2517 2208 2587 pueri
2251 2515 2417 2586 hujus
2455 2523 2712 2586 parentes
2763 2528 2872 2569 n0n
2920 2518 3267 2587 patiebantur
3293 2521 3476 2574 vocari
3518 2520 3625 2576 Za~

2052 2606 2319 2671 chariam,
2366 2607 2459 2662 sed
2504 2607 2677 2677 magis
2717 2602 2980 2661 Joannem
3032 2609 3301 2664 nominari
3350 2611 3618 2678 vol-bant.

2054 2706 2340 2769 propterea
2403 2697 2549 2768 quod
2619 2712 2725 2752 non
2796 2696 3023 2753 debebat
3079 2715 3290 2754 memor
3343 2715 3468 2757 esse
3527 2700 3625 2756 Dei

2055 2800 2314 2860 tanquam
2344 2789 2607 2854 absentis,
2651 2788 2746 2845 sed
2793 2790 2971 2857 ipsum
3023 2789 3174 2845 illum
3220 2792 3412 2862 digito,
3459 2807 3626 2864 opera

2051 2880 2339 2937 ostendere
2369 2887 2711 2950 praasentem,
2742 2887 2797 2934 et
2816 2878 2996 2937 dicere
3025 2898 3039 2935 :
3076 2879 3212 2935 Ecce
3238 2881 3418 2953 Agnus
3442 2881 3539 2936 Dei
3576 2884 3620 2938 '.

2122 3113 2186 3167 Et
2228 3128 2489 3183 magnus,
2535 3127 2643 3167 non
2685 3121 2943 3181 tanquam
2985 3106 3224 3167 Joannes
3264 3112 3404 3166 servi
3446 3128 3620 3174 more.
3671 3095 3675 3099 δ

2047 3206 2142 3260 sed
2174 3214 2434 3274 tanquam
2466 3204 2733 3260 Dominus
2768 3204 3031 3271 universi,
3062 3213 3117 3259 et
3147 3214 3405 3275 tanquam
3435 3204 3625 3262 Domi-

2048 3313 2153 3353 nus
2191 3298 2286 3368 qui
2332 3298 2535 3368 ubique
2575 3306 2681 3365 est,
2722 3297 2795 3352 ita
2844 3305 2906 3352 ut
2937 3312 3045 3353 non
3075 3296 3255 3353 verbis
3296 3298 3495 3366 solum,
3526 3300 3622 3357 sed

2048 3402 2213 3459 opere
2242 3388 2496 3445 ostendat
2530 3402 2590 3443 se
2613 3403 2869 3459 magnum
2893 3404 3032 3443 esse.

352 3517 498 3572 Orat.
544 3531 625 3571 nt.
659 3517 747 3581 είς
789 3515 925 3580 τοὺς
981 3514 1230 3581 ὄρθρους
1270 3510 1389 3565 τῶν
1434 3514 1658 3596 ἐςορτών
1684 3515 1933 3596 {ﬂe-ﬂeo

2042 3535 2139 3596 9n,
2172 3518 2354 3596 id_es_t,
2378 3520 2437 3596 in
2470 3519 2734 3573 matutina
2763 3528 2996 3589 tempora
3023 3520 3308 3577 Genitricis
3342 3523 3455 3589 Dei,
3489 3541 3619 3596 pan-

1451 3582 1564 3637 lum
1594 3584 1665 3638 ab
1696 3582 1850 3641 initio
1886 3588 2001 3642 lnec
2022 3586 2272 3658 Origenis
2300 3582 2504 3643 laudat.

428 3703 606 3773 ὀπερ
653 3701 761 3774 γὰρ
803 3699 975 3764 οὐδεὶς
1021 3699 1127 3753 τῶν
1170 3700 1464 3773 προφητῶν
1508 3702 1741 3775 ὑπῆρξε,
1776 3703 1937 3759 τοῦτο

2108 3705 2265 3773 Quod
2294 3709 2439 3762 enim
2466 3707 2650 3763 nullus
2678 3707 3065 3778 prophetarum
3103 3711 3333 3775 exstitit,
3370 3712 3473 3767 hoc
3516 3712 3617 3770 fuit

359 3788 605 3866 ὺπῆρξεν
668 3792 943 3865 Ἰωάννης,
992 3792 1080 3847 διὰ
1114 3791 1175 3845 τὸ
1216 3791 1535 3864 πλησιάζειν
1580 3796 1646 3865 τῇ
1696 3796 1934 3867 Χριστοῦ

358 3886 652 3958 παρουσίᾳ,
702 3885 796 3939 καὶ
836 3883 1159 3956 προτρέχειν
1198 3883 1402 3955 αὐτῆς
1436 3884 1497 3939 οὐ
1526 3885 1636 3958 γὰρ
1669 3885 1935 3958 πρότερον

358 3977 603 4049 ἐπλήσθη
646 3975 739 4031 τοῦ
771 3976 927 4045 ἁγίου
970 3975 1303 4046 Πνεύματος,
1346 3975 1475 4047 πρὶν
1510 3976 1797 4047 ἐπιστῆναι
1836 3975 1934 4048 τὴν

358 4068 733 4141 κυοφοροῦσαν
781 4068 877 4122 τὸν
924 4062 1179 4140 Χριστόν.
1216 4065 1349 4120 Τότε
1387 4067 1445 4120 δὲ
1492 4069 1585 4122 καὶ
1631 4067 1935 4139 ὲτῄιηροῦτο

358 4158 676 4229 Πνεύματες
704 4158 798 4211 καὶ
830 4156 1077 4227 ἐσκίρτα,
1108 4153 1202 4207 καὶ
1225 4156 1289 4226 τῇ
1318 4156 1488 4226 μητρὶ
1517 4154 1809 4225 μετεδίδου,
1840 4156 1935 4209 καὶ

356 4251 555 4308 ἀνεϐόα
589 4246 940 4322 προφητικῶς
965 4248 999 4320 ἡ
1046 4247 1326 4302 Ἐλισάὸετ
1357 4247 1444 4302 διὰ
1476 4247 1537 4302 τὸ
1565 4247 1936 4321 κυοφορούμε-

356 4362 445 4400 νον
473 4347 530 4400 ὲν
556 4345 692 4415 αὐτῇ
728 4343 948 4416 βρέφος,
984 4340 1078 4394 καὶ
1105 4339 1260 4409 ἔλεγε
1293 4342 1359 4413 τῇ
1401 4340 1696 4413 Παρθένῳθ
1736 4342 1931 4395 Εὐλο-

353 4435 582 4507 τυηρένη
614 4436 696 4489 σὺ
723 4436 793 4489 ἐν
832 4431 1086 4505 γυναιξί*
1117 4431 1345 4503 οὐδεμία
1382 4432 1491 4503 γὰρ
1531 4431 1629 4503 τῆς
1677 4430 1932 4504 τοιαύτης

355 4529 575 4598 χάριτος
614 4525 869 4589 κοινωνὸς
904 4522 1027 4577 οὔτε
1062 4522 1306 4593 γέγονεν,
1336 4521 1458 4577 οὔτε
1489 4522 1742 4593 γενέσθαι
1772 4524 1933 4579 δύνα-

353 4635 478 4673 ταιο
512 4619 571 4674 ἓν
606 4618 717 4690 γὰρ
748 4617 808 4670 τὸ
835 4616 978 4670 θεῖον
1011 4615 1222 4687 κύημα,
1256 4609 1337 4680 εἷς
1365 4617 1393 4670 ό
1440 4615 1583 4681 θεῖος
1622 4617 1800 4685 τόκος,
1834 4619 1929 4672 καὶ

357 4711 506 4784 μίαή
530 4711 833 4782 γεννήσασα
855 4708 946 4764 τὸν
966 4707 1334 4781 θεάνθρωπον.
1349 4708 1415 4761 Τί
1441 4723 1530 4779 μοι
1546 4708 1723 4762 τοίνυν
1738 4708 1929 4783 πρώτη

356 4803 788 4878 προαγορεύεις;
830 4804 921 4876 Μὴ
962 4802 1071 4873 γὰρ
1116 4800 1227 4872 ἐγώ
1252 4803 1369 4873 είμι
1395 4804 1430 4873 ἡ
1465 4802 1555 4855 τὸν
1586 4803 1817 4875 Σωτῆρα
1851 4803 1931 4856 τί-

352 4913 598 4961 κτουσα;
645 4896 842 4969 Ἐχρῆν
866 4894 964 4967 ἐμὲ
989 4895 1128 4967 πρὸς
1166 4893 1224 4948 σὲ
1258 4891 1682 4965 παραγενέσθαι,
1723 4893 1788 4947 σὺ
1819 4894 1930 4967 γὰρ

353 4989 495 5061 ὑπὲρ
534 4988 711 5051 πάσας
751 4985 850 5050 τὰς
892 4988 1156 5055 γυναῖκας
1200 4984 1541 5056 εὐλογημένη
1566 5001 1581 5015 ο
1633 4985 1697 5037 σὺ
1744 4985 1927 5059 μήτηρ

2037 3794 2296 3859 Joannes.
2346 3805 2628 3866 propterea
2675 3797 2817 3867 quod
2848 3797 3134 3867 proximus
3177 3808 3324 3855 esset
3355 3801 3612 3859 adventui

2036 3884 2239 3939 Christi
2271 3893 2325 3939 et
2354 3885 2473 3954 ejus
2513 3899 2816 3953 praecursor
2842 3900 2859 3940 ;
2883 3900 2991 3938 non
3027 3886 3171 3939 enim
3199 3886 3351 3956 prius
3377 3887 3615 3957 repletus

2033 3986 2118 4031 est
2140 3975 2346 4044 Spiritu
2390 3986 2599 4041 saneto,
2632 3990 2792 4045 quam
2821 3974 3103 4030 adveniret
3130 3976 3219 4031 illa
3246 3993 3367 4047 qua:
3391 3977 3614 4032 Christo

2037 4068 2257 4140 gravida
2302 4076 2438 4121 erat.
2486 4065 2641 4122 Tunc
2687 4075 2868 4122 autem
2921 4075 2976 4121 et
3023 4068 3263 4139 repletus
3293 4078 3377 4125 est
3406 4066 3611 4140 Spiritu

2036 4170 2245 4225 sancto,
2290 4166 2345 4213 et
2393 4158 2705 4220 exsultavit.
2741 4168 2794 4213 et
2824 4167 3055 4215 matrem
3096 4160 3416 4230 participem
3459 4159 3610 4230 fecit,

2034 4250 2453 4306 ehexclamavit
2499 4249 2814 4320 prophetica
2864 4248 3140 4305 Elisabeth
3184 4261 3407 4322 propter
3455 4252 3609 4309 illum

2033 4356 2195 4412 quem
2242 4341 2295 4394 in
2343 4349 2498 4395 utero
2523 4339 2743 4410 gerebat
2773 4337 3056 4402 infantem,
3089 4349 3145 4396 et
3181 4342 3318 4398 dixit
3348 4342 3551 4414 Virgini
3586 4361 3604 4402 :

2033 4433 2322 4488 Benedicta
2349 4442 2407 4487 tu
2463 4432 2518 4486 in
2574 4431 2883 4486 mulieribus
2932 4433 2988 4499 ’ς
3038 4434 3163 4489 talis
3220 4434 3364 4490 enim
3417 4437 3605 4507 gratia:

2032 4526 2301 4596 particeps
2363 4524 2511 4578 nulla
2570 4538 2810 4593 unquam
2866 4522 2989 4589 fuit,
3032 4539 3133 4579 nec
3192 4538 3315 4581 esse
3359 4535 3536 4596 potest
3587 4544 3603 4581 :

2032 4616 2229 4672 unicus
2271 4614 2415 4670 enim
2457 4625 2541 4670 est
2584 4613 2799 4668 'lirinus
2837 4612 3005 4684 980
3041 4623 3359 4685 conceptus,
3408 4616 3605 4671 unicus

2031 4708 2252 4763 divinus
2291 4715 2501 4778 partus,
2528 4707 2689 4761 unica
2730 4715 2813 4763 est
2836 4721 2957 4776 quae
2998 4711 3185 4777 genu't
3214 4705 3384 4762 Deum
3414 4717 3467 4763 et
3500 4707 3605 4763 ho-

2031 4800 2256 4855 minem.
2295 4797 2405 4855 Cur
2438 4814 2525 4852 me
2561 4798 2725 4869 igitur
2757 4797 2903 4868 prior
2932 4797 3175 4853 salutas?
3202 4795 3459 4870 Nunquid
3500 4814 3604 4871 ego

2030 4909 2151 4948 sum
2190 4908 2313 4963 quae
2356 4889 2692 4947 Salvatoxem
2747 4890 2939 4961 pario?
2978 4888 3273 4961 Oportebat
3314 4907 3400 4947 me
3442 4891 3510 4947 ad
3552 4905 3604 4947 te

2030 4983 2217 5038 venire
2238 5001 2250 5037 :
2270 4992 2326 5037 tu
2351 4982 2496 5037 enim
2525 4995 2691 5049 super
2713 4994 2903 5035 omnes
2930 4981 3187 5037 mulieres
3204 4981 3517 5038 benedicta:
3543 4991 3603 5038 tu

351 5080 447 5132 τοῦ
476 5078 680 5152 Κυρίου
726 5094 855 5149 μου’
891 5077 955 5129 σὺ
987 5076 1093 5148 ἐμὴ
1140 5076 1322 5148 Κυρία
1359 5077 1393 5147 ὴ
1430 5075 1530 5147 τῆς
1559 5075 1803 5147 κατάρας
1828 5076 1926 5148 τὴν

2042 5074 2205 5129 Mater
2239 5073 2449 5129 Domini
2482 5072 2586 5127 mei
2618 5089 2631 5125 :
2675 5084 2730 5124 tu
2761 5085 2881 5125 mea
2917 5069 3170 5140 Domina,
3209 5072 3479 5128 maledicti
3511 5086 3605 5129 so-

350 5168 508 5223 λύσιν
551 5166 911 5238 βαστάζουσα.
943 5165 1216 5236 Σύμφωνα
1239 5164 1319 5236 τῷ
1347 5164 1447 5234 υἱῷ
1468 5164 1762 5233 φθέγγεται
1784 5181 1798 5195 ’
1832 5167 1925 5219 καὶ

351 5258 461 5329 γὰρ
488 5261 517 5312 ὁ
553 5258 806 5330 Ἰωάννης
835 5258 1051 5325 ἀνάξιον
1079 5256 1269 5310 ἑαυτὸν
1287 5255 1387 5327 τῆς
1419 5256 1554 5325 πρὸς
1574 5256 1666 5310 τὸν
1693 5256 1926 5327 Χριστὸν

352 5348 750 5418 παραστάσεως
794 5348 968 5415 ἔλεγε,
1001 5346 1096 5401 καὶ
1134 5345 1271 5418 αῦτη
1322 5343 1521 5417 ἑαυτὴν
1562 5343 1786 5410 ἀναξίαν
1827 5344 1927 5416 τῆς

350 5438 648 5509 sagmaria;
686 5439 788 5509 τῆς
829 5437 1124 5511 Παρθένου.
1163 5438 1228 5490 Τί
1265 5454 1378 5508 μοι,
1424 5435 1579 5506 φησὶ,
1608 5433 1925 5507 τηλικοῦτον

351 5534 665 5602 πέπρακται
710 5530 938 5600 ἀγαθὸν,
987 5529 1074 5582 ἴνα
1122 5530 1156 5601 ὴ
1216 5530 1399 5600 μήτηρ
1432 5527 1527 5581 τοῦ
1569 5529 1775 5599 Κυρίου
1822 5544 1925 5599 μου

412 5747 432 5778 ⁸
470 5747 624 5804 Joan.
658 5765 696 5804 l.
720 5750 804 5803 9.9.
887 5751 907 5782 ⁸
938 5750 1069 5802 an.
1113 5765 1151 5807 I.
1186 5749 1273 5801 49..

2033 5166 2293 5221 lulionem
2325 5173 2575 5234 portans.
2600 5160 2850 5217 Consona
2887 5161 2999 5216 tilio
3038 5163 3283 5232 loquitur
3316 5181 3330 5218 :
3361 5160 3601 5218 Joannes

2032 5258 2177 5313 enim
2211 5256 2492 5325 indignum
2525 5269 2584 5309 se
2607 5253 2700 5323 qui
2722 5268 2903 5309 coram
2934 5251 3152 5309 Christo
3177 5255 3461 5309 sisteretur
3483 5253 3602 5309 aie-

2032 5349 2154 5415 bat;
2190 5348 2279 5402 illa
2301 5361 2430 5401 vero
2461 5345 2736 5417 indignam
2770 5362 2828 5401 se
2859 5348 3149 5416 praesentia
3182 5339 3421 5416 Virginis
3454 5345 3600 5402 dice-

2031 5439 2143 5493 bat.
2179 5437 2320 5505 Quid
2354 5453 2384 5491 a
2412 5452 2519 5502 me,
2551 5436 2749 5506 inquit,
2774 5445 2987 5490 tantum
3020 5435 3221 5490 factum
3246 5444 3330 5491 est
3357 5436 3506 5502 boni,
3545 5446 3600 5493 ut

2033 5528 2204 5585 Mater
2231 5524 2447 5582 Domini
2475 5524 2579 5580 mei
2604 5523 2782 5578 Veniat
2813 5523 2879 5575 ad
2906 5522 3023 5576 me?
3046 5523 3110 5576 Et
3135 5536 3254 5577 eam
3283 5536 3403 5593 qna:
3426 5522 3603 5579 adhuc
