4084 6302
499 316 639 370 1903
1948 310 2290 369 “ORIGENIS
3590 312 3623 366 Ἰ
3640 313 3760 367 9.051

495 436 647 505 virgo
671 444 806 499 erat,
842 445 1066 489 matrem
1095 443 1276 498 vocat,
1311 433 1628 504 prophetiee
1654 443 1906 487 eventum
1938 449 2027 488 ser
2090 442 2108 496 Δ

2159 433 2295 505 ἔλθῃ
2348 431 2481 503 πρὸς
2531 430 2628 500 μέ;
2652 428 2766 483 Καὶ
2795 430 3006 502 μητέρα
3033 430 3188 485 καλεί
3211 433 3311 503 τὴν
3339 432 3421 485 ἔτι
3454 432 3758 503 παρθένον.

496 544 657 583 mone
683 526 1040 598 praeveniens,
1068 535 1117 579 et
1162 525 1397 579 fruetum
1432 524 1637 578 ventris
1670 523 1902 593 appellat
1938 523 2056 577 Sal-

2172 524 2450 593 φθάνουσα
2492 520 2845 592 προφητικῶς
2889 522 2970 591 τῷ
3019 521 3162 593 λόγῳ
3210 524 3310 595 τὴν
3351 523 3614 588 ἔκϐασιν,
3658 528 3762 579 καὶ

494 629 759 685 vatorem,
793 633 858 673 eo
899 618 1044 688 quod
1097 632 1201 671 non
1246 632 1311 670 ex
1359 616 1498 678 viro,
1535 616 1628 670 sed
1676 631 1707 670 e
1746 616 1861 670 sola
1896 614 2063 669 Maria

2173 614 2387 685 καρπὸν
2415 612 2621 676 κοιλίας
2651 611 2906 682 ὀνομάζει
2946 612 3040 665 τὸν
3071 613 3321 685 Σωτῆρα,
3349 614 3428 685 τῷ
3460 613 3535 685 μή
3568 614 3630 679 ἐξ
3647 616 3762 667 αν-

495 713 567 768 sit
601 729 614 765 :
650 710 742 780 qui
770 709 912 764 enim
942 724 973 762 ο
1014 720 1297 778 parentum
1345 707 1648 763 seminibus
1680 707 1954 772 oriuntur,
1987 708 2062 761 illi

2173 706 2299 777 δρὸς
2322 700 2482 767 εἶναι,
2509 702 2623 756 ἀλλ’
2652 703 2715 754 ὲκ
2748 702 2913 774 μόνης
2940 704 3039 774 τῆς
3067 703 3281 775 Μαρίας
3298 720 3313 734 ο
3338 706 3389 757 οἰ
3419 705 3528 775 γὰρ
3554 706 3619 757 ὲκ
3642 705 3762 759 τῶν

496 810 625 856 sunt
647 815 836 856 eorum
866 798 1096 855 fructus.

2179 796 2434 867 πατέρων
2475 794 2575 865 τὴν
2621 793 2827 866 σπορὰν
2870 794 3087 865 ἔχοντες
3124 794 3354 850 ἐκείνων
3386 795 3494 848 εἰσὶ
3526 797 3758 867 καρποὶ.

1811 911 2013 967 Ibidem
2043 910 2206 982 paulo
2241 920 2381 982 post.

564 1030 755 1087 Divina
786 1033 950 1104 igitur
980 1033 1317 1103 dispensatio
1355 1031 1583 1089 Mariam
1608 1033 1764 1089 duxit
1784 1034 1850 1088 ad
1882 1032 2062 1089 Elisu-

2239 1029 2375 1085 θεία
2409 1030 2507 1101 μὲν
2539 1025 2633 1084 οὖν
2664 1030 2949 1100 οἰκονομία
2991 1030 3090 1102 τὴν
3127 1030 3348 1102 Μαρίαν
3388 1031 3559 1107 ήγαγε
3609 1029 3756 1096 πρὸς

492 1123 642 1192 betb,
677 1134 738 1181 ut
784 1126 1155 1181 testimonium
1195 1124 1424 1181 Joannis
1452 1126 1616 1182 etiam
1643 1142 1709 1180 ex
1741 1137 1896 1181 utero
1934 1141 2061 1197 erga

2166 1123 2265 1196 τὴν
2321 1122 2624 1187 Ἐλισάὗετ,
2678 1123 2768 1176 ἴνα
2817 1123 2851 1192 ή
2906 1122 3179 1194 μαρτυρία
3236 1121 3483 1178 Ἰωάννου
3536 1122 3631 1174 καὶ
3682 1125 3757 1175 ἐκ

494 1216 782 1270 Dominum
838 1216 1176 1286 impleretur.
1229 1214 1531 1273 Exsultavit
1571 1217 1717 1272 enim
1764 1218 1967 1281 infans.
2009 1229 2064 1274 et

2172 1216 2389 1288 μήτρας
2416 1216 2496 1279 εἰς
2527 1213 2621 1267 τὸν
2649 1213 2853 1285 Κύριον
2884 1213 3164 1284 πληρωθῇ.
3204 1212 3526 1285 Ἐσκίρτησε
3552 1213 3661 1284 γὰρ
3687 1213 3756 1266 τὸ

495 1307 663 1362 veluti
692 1308 857 1378 cmpit
896 1317 1098 1363 exlunc
1129 1309 1447 1378 prophetam
1479 1309 1769 1365 ostendere
1795 1308 2062 1364 Joannem

2172 1310 2392 1382 βρέφος,
2424 1308 2518 1362 καὶ
2542 1306 2704 1362 οἰονεί⁵
2725 1306 2927 1378 ήρξατο
2955 1306 3141 1361 ἔκτοτε
3172 1309 3457 1379 προφήτην
3485 1307 3753 1363 δεικνύειν

494 1398 776 1456 Dominus.
835 1399 1036 1455 Habuit
1080 1410 1261 1457 autem
1304 1401 1467 1456 etiam
1517 1402 1619 1456 iter
1648 1399 1894 1471 Virginis
1936 1415 2066 1471 pro-

2168 1401 2259 1456 τὸν
2317 1399 2571 1471 Ἰωάννην
2618 1399 2647 1451 6
2695 1398 2920 1470 Κύριος.
2959 1394 3086 1469 Εἶχε
3130 1398 3186 1452 δὲ
3220 1399 3316 1453 καὶ
3343 1400 3378 1471 ή
3426 1399 3617 1469 πορεία
3649 1401 3752 1469 τῆς

476 1490 816 1560 ,priamejtts
843 1490 1199 1560 diligentiam.
1242 1488 1401 1546 Venit
1426 1491 1572 1546 enim
1604 1499 1665 1546 ιιι
1701 1490 1975 1545 Elisabeth
2010 1499 2066 1545 et

2170 1491 2446 1564 Παρθένου
2489 1492 2588 1561 τὴν
2637 1490 2841 1544 οἰκείαν
2898 1490 3070 1560 αὐτῆς
3116 1491 3373 1563 σπουδήν.
3414 1486 3585 1545 τΗλθε
3640 1493 3754 1562 γὰρ

486 1582 798 1636 mirabilem
830 1583 950 1650 eius
977 1591 1294 1652 conceptum
1314 1582 1537 1649 videret,
1554 1583 1712 1650 eique
1740 1583 1896 1636 tidem
1922 1580 2066 1636 face-

2169 1584 2415 1655 ὀψομένη
2463 1583 2564 1654 τήν
2619 1582 2922 1646 Ἐλισάεετ,
2951 1583 3046 1636 καὶ
3084 1582 3146 1636 τὺ
3178 1584 3236 1636 ὲν
3281 1583 3418 1654 αὐτῇ
3450 1582 3753 1655 παράδοξον

493 1682 576 1727 ret
603 1673 903 1728 secundum
931 1674 1296 1744 evangelicatn
1326 1687 1534 1737 vocem,
1554 1681 1617 1726 ut
1640 1688 1735 1743 per
1763 1673 1914 1727 illum
1939 1673 2106 1726 alter‘

2137 1675 2366 1745 ικύημα
2412 1674 2508 1728 καὶ
2556 1674 2684 1730 ἰδεῖν
2736 1675 2830 1727 καί⁸
2875 1673 3252 1729 πιστώσασθαι
3308 1674 3451 1729 κατὰ
3499 1675 3599 1744 τὴν
3649 1676 3750 1729 τοῦ

490 1764 687 1834 major,
718 1780 782 1820 ex
818 1765 958 1835 ipsa,
984 1765 1130 1833 dico,
1168 1763 1389 1836 Virgine
1422 1774 1613 1835 partus
1644 1764 1802 1819 tidem
1838 1778 2066 1819 merere-

2166 1765 2500 1834 Εύαγγελίου
2538 1765 2742 1836 φωνήν,
2778 1765 2865 1818 ἵνα
2896 1764 2983 1819 διὰ
3012 1764 3202 1818 τούτου
3234 1767 3330 1819 καὶ
3360 1767 3389 1819 6
3432 1764 3630 1836 μείζων
3658 1783 3749 1819 πι-

491 1865 598 1910 tur.
644 1854 710 1911 Et
749 1856 1027 1913 concurrit
1067 1856 1135 1912 ad
1181 1856 1344 1911 tidem
1395 1858 1537 1911 hanc
1575 1871 1756 1911 sermo
1788 1854 2064 1910 Elisabeth

2171 1857 2367 1929 στευοῇ
2389 1856 2627 1922 τοιαίτδς,
2649 1858 2678 1910 6
2705 1855 2764 1922 ἐξ
2787 1856 2976 1927 αὐτῆς,
3000 1857 3163 1928 φημὶ,
3189 1857 3289 1926 τῆς
3320 1856 3612 1928 Παρθένου.
3639 1858 3750 1910 Καὶ

489 1947 721 2002 dicentis
748 1965 763 2002 :
794 1947 963 2003 Beata
1000 1964 1117 2018 qua:
1142 1949 1434 2015 credidisti,
1460 1949 1708 2018 quoniam
1731 1951 2070 2018 perficiantur

2175 1946 2453 2021 συντρέχει
2486 1945 2622 2018 πρὸς
2654 1945 2754 2018 τὴν
2789 1945 2969 2002 πίστιν
3000 1947 3202 2018 ταύτην
3233 1948 3260 2000 6
3285 1946 3442 2016 λόγος
3468 1947 3565 2016 τῆς
3602 1947 3746 1999 Ἐλι-

488 2054 606 2108 quia
633 2039 780 2093 dicta
808 2047 929 2094 sunt
956 2026 1098 2093 tibia
1127 2039 1409 2093 Domino".
1438 2040 1818 2095 Conﬁrmatior
1838 2055 1967 2111 ergo
2001 2038 2068 2093 ad

2176 2039 2341 2094 σάϐετ
2365 2038 2661 2109 λεγούσης·
2697 2037 2804 2093 Καὶ
2836 2039 3099 2108 μακαρία
3126 2039 3165 2106 ἠ
3211 2040 3611 2100 πιστεύσασα.
3654 2038 3748 2091 ὅτι

488 2127 757 2182 credenda
805 2128 896 2183 illa
940 2143 1064 2199 qua:
1103 2128 1347 2183 audierat
1396 2128 1465 2183 ab
1515 2129 1738 2199 angelo,
1794 2129 1935 2184 facta
1979 2139 2065 2187 est

2174 2129 2347 2184 ἔσται
2396 2130 2705 2197 τελείωσις
2746 2129 2873 2195 τοῖς
2910 2129 3346 2199 λελαλημένοις
3394 2129 3548 2199 αὐτῇ
3589 2131 3749 2197 παρὰ

489 2216 680 2284 Maria,
718 2218 887 2274 'beata
917 2219 1064 2275 dicta
1098 2219 1144 2274 si
1182 2219 1458 2286 crederet;
1489 2220 1713 2290 angelus
1743 2220 1888 2274 enim
1923 2236 2065 2290 pra:-

2174 2222 2417 2291 Κυρίου.
2462 2220 2795 2293 Βεόαιοτέρα
2841 2217 2935 2275 οὖν
2974 2222 3191 2290 ἐγένετο
3235 2220 3371 2292 πρὸς
3416 2222 3514 2292 τήν
3566 2222 3747 2273 πίστιν

492 2309 798 2375 nuntiabat,
831 2319 887 2365 et
934 2326 1058 2381 quae
1102 2310 1264 2367 sintut
1311 2310 1534 2381 gravida
1585 2321 1704 2367 erat
1755 2310 2054 2379 Ehsabeth,

2171 2308 2247 2369 ὧν
2288 2314 2493 2385 ήκουσε
2538 2314 2695 2384 παρὰ
2735 2312 2831 2367 τοῦ
2866 2312 3097 2382 ἀγγέλου
3131 2314 3165 2384 ή
3201 2313 3410 2385 Μαρία,
3446 2311 3745 2385 μακαριζοο

480 2401 690 2456 similia
727 2402 1076 2473 praedicabat.

2176 2406 2335 2477 μένη,
2386 2406 2482 2459 ἐὰν
2540 2403 2826 2476 πιστεύσῃ,
2872 2404 3105 2473 ἀγγέλου
3150 2421 3214 2457 τε
3262 2405 3744 2476 προσημαίνοντος.

2168 2498 2389 2567 καὶτῆς
2430 2496 2740 2567 συγγενίδας
2775 2497 2843 2550 τὰ
2872 2496 3223 2567 παραπλήσια
3271 2495 3736 2568 προφητευούσης.

476 2607 633 2663 ].1υιιι
662 2617 798 2662 orat.
828 2624 922 2662 vut
947 2609 1035 2675 εἰς
1066 2607 1423 2677 παραϐολὴν
1457 2608 1570 2683 ,τοῦ
1597 2609 1970 2679 ἐμπεσόντος
1997 2609 2089 2683 *εἰς

2118 2608 2537 2683 τοὺς-λῃστάς,
2563 2610 2745 2683 idest,
2783 2607 2849 2663 in
2878 2610 3189 2679 parabolam
3231 2610 3378 2664 illius
3410 2613 3501 2683 qui
3548 2610 3731 2666 incidi:

1364 2678 1698 2744 iu'latmues,
1737 2695 1931 2751 parum
1962 2680 2030 2733 ab
2069 2679 2227 2734 initio
2262 2681 2377 2734 haec
2398 2680 2657 2750 Origenis
2687 2684 2840 2735 citat.

559 2795 842 2850 Manifesta
867 2796 919 2849 in
945 2794 1032 2850 his
1058 2795 1474 2852 commendatur
1497 2797 1588 2851 illa
1616 2811 1739 2867 quae
1762 2795 2061 2851 secundum

2240 2794 2437 2866 Σαφῶς
2468 2796 2526 2849 ὲν
2553 2796 2762 2861 τούτοις
2787 2798 3120 2869 παρίσταται
3151 2800 3184 2870 ή
3213 2799 3353 2853 κατὰ
3372 2800 3464 2853 τὸν
3495 2800 3769 2871 δημιουρ-.

488 2891 828 2945 conditorem
859 2887 1045 2942 mundi
1078 2886 1268 2955 Deum,
1299 2898 1354 2943 et
1385 2889 1540 2959 juxta
1572 2904 1666 2945 eas
1697 2903 1819 2959 qua:
1843 2888 1912 2943 ab
1943 2888 2062 2957 ipso

2167 2889 2264 2959 γον
2295 2889 2388 2943 τοῦ
2422 2889 2630 2960 κόσμου
2657 2890 2790 2942 Θεὸν
2822 2891 2917 2943 καὶ
2947 2889 3043 2954 τὰς
3076 2891 3170 2944 ἀπ’
3197 2891 3364 2945 αὑτοῦ
3396 2892 3615 2964 Γραφὰς
3646 2907 3740 2960 κη-

490 2991 618 3035 sunt
662 2979 994 3049 Scripturas,
1027 2980 1376 3049 praedicatur,
1405 2982 1514 3036 vita
1561 2991 1787 3047 aeterna,
1817 2998 1980 3052 quam
2008 2990 2065 3037 et
2091 3019 2103 3069 γ

2117 3015 2133 3071 Ξ
2169 2979 2474 3053 ρυσσομένη
2504 2979 2616 3051 ζωὴ
2640 2979 2874 3044 αἰώνιος,
2896 2981 2962 3050 ἦν
2982 2981 3076 3034 καὶ
3094 2982 3123 3033 6
3147 2980 3337 3053 Σωτὴρ
3364 2980 3730 3049 καταγγέλλει.

490 3071 740 3126 Salvator
789 3070 1097 3125 annuntiat.
1135 3070 1564 3141 Interrogantem
1611 3088 1741 3143 ergo
1787 3073 2065 3144 legisperi-

2159 3072 2477 3145 Πυθομένου
2503 3068 2596 3127 οὖν
2626 3071 2719 3127 τοῦ
2750 3073 2974 3145 νομικοῦ
2999 3091 3016 3108 ·
3053 3074 3115 3128 Τί
3149 3074 3411 3143 ποιήσας
3440 3071 3741 3141 ζωὴν-αἰώ-

490 3178 604 3217 tutu
650 3180 665 3217 :
710 3162 852 3228 Quid
900 3160 1143 3229 faciendo
1193 3163 1355 3216 vitam
1408 3172 1662 3218 retentam
1710 3165 1983 3233 possidebo
2011 3165 2067 3219 3?

2165 3182 2301 3219 νιον
2341 3164 2814 3234 κληρονομήσω;
2846 3166 2938 3219 ἐπὶ
2981 3165 3071 3219 τδν
3108 3165 3274 3236 νόμον
3304 3164 3639 3234 ἀναπέμπει,
3672 3163 3739 3216 ἶν’

488 3254 558 3309 ad
594 3254 764 3323 legem
792 3253 1022 3307 remittit
1050 3262 1110 3307 ιιι
1132 3254 1258 3307 inde
1282 3253 1500 3324 colligant
1528 3255 1778 3309 mundata
1808 3271 1929 3325 quze
1955 3256 2068 3310 illo-

2167 3254 2378 3308 ἐκεῖθεν
2394 3254 2600 3328 συνάγῃ
2615 3255 2839 3319 ἐντολὰς
2862 3256 2961 3321 τὰς
2981 3257 3362 3328 προσαγούσας
3382 3258 3476 3310 τὸν
3490 3253 3743 3309 ποιοῦντα

488 3360 610 3398 runt
659 3343 921 3398 factorem
969 3344 1034 3399 ad
1075 3343 1240 3398 vitam
1275 3353 1536 3399 aeternam
1582 3346 1809 3400 ducunt.
1846 3346 1905 3400 Ei
1939 3363 2068 3417 ergo

2167 3345 2335 3410 αὐτὰς
2365 3349 2431 3419 τῇ
2465 3346 2671 3419 αἰωνίῳ
2704 3346 2838 3420 ζωῇ.
2873 3350 3158 3421 Μαρτυρεί
3197 3346 3323 3417 γοῦν
3373 3348 3451 3418 τῷ
3496 3347 3745 3418 εἰληφότι

488 3437 581 3505 qui
610 3452 641 3490 e
675 3435 1099 3490 Deuteronomio
1130 3437 1233 3491 hoc
1275 3436 1646 3491 testimonium
1677 3438 1889 3507 accepit
1918 3457 1931 3492 :
1969 3439 2063 3492 Di-

2167 3437 2278 3491 ἀπὸ
2310 3438 2408 3509 μὲν
2439 3437 2533 3491 τοῦ
2560 3439 2982 3511 Δευτερονομίου
3012 3440 3095 3507 τὸ,
3144 3439 3489 3509 Ἀγαπήσεις
3525 3441 3745 3507 Κύριον

488 3530 617 3599 ligas
658 3527 937 3581 Dominum
989 3527 1154 3582 Deum
1184 3537 1330 3581 tuum
1361 3529 1381 3560 ⁹
1410 3544 1424 3593 ;
1464 3536 1517 3583 et
1545 3543 1576 3582 e
1609 3527 1850 3584 chitico
1882 3530 2010 3584 illud
2049 3548 2065 3585 :

2166 3528 2276 3582 τὸν
2306 3529 2456 3584 Θεόν
2483 3546 2601 3584 σου
2623 3546 2638 3562 ο
2668 3530 2778 3584 ἀπὸ
2801 3529 2857 3584 δὲ
2888 3530 2983 3584 τοῦ
3017 3530 3296 3585 Λευῖτικοῦ
3325 3531 3406 3595 τὸ,
3455 3532 3565 3583 Τὸν
3590 3533 3740 3595 πλη-

485 3621 803 3676 Proximum
853 3631 997 3673 tuum
1048 3621 1184 3673 sicut
1226 3621 1446 3690 teipsum
1500 3620 1563 3685 ³⁸,
1617 3621 1936 3676 testificatur
1979 3622 2064 3677 di-

2165 3620 2304 3675 σίον
2322 3637 2439 3676 σου
2461 3621 2541 3688 ὡς
2563 3623 2843 3687 σεαυτὸν,
2872 3621 3080 3690 Ὀρθῶς
3097 3623 3440 3691 ἀπεκρίθης,
3458 3623 3551 3675 καὶ
3574 3638 3738 3692 προσ⁶

484 3724 657 3763 cens:
687 3707 837 3761 Recte
864 3708 1203 3776 respondisti,
1223 3721 1276 3763 et
1302 3709 1482 3763 addit:
1515 3708 1628 3763 Hoc
1657 3710 1764 3780 fac,
1782 3722 1831 3765 et
1854 3713 2065 3780 vives”,

2166 3711 2385 3783 τίθησι’
2429 3711 2608 3766 Τοῦτο
2633 3713 2809 3776 ποίει,
2844 3714 2944 3766 καὶ
2978 3712 3149 3781 ζήσῃ,
3188 3712 3429 3785 δηλονότι
3474 3714 3572 3783 τὴν
3597 3710 3737 3781 ζωὴν

491 3796 741 3851 videlicet
764 3797 928 3851 vitam
958 3806 1242 3864 aeternam,
1272 3798 1339 3854 de
1362 3815 1469 3869 qua
1498 3800 1587 3854 ille
1617 3800 2065 3873 interrogaverat,

2167 3800 2267 3871 τήν
2288 3799 2524 3866 αἰώνιον,
2553 3801 2681 3872 περὶ
2710 3796 2778 3872 ἦς
2804 3802 3054 3865 κάκεῖνός
3079 3819 3139 3854 τε
3172 3802 3425 3865 ἐπύθετο,
3458 3802 3552 3855 καλ⁵
3577 3804 3604 3854 6
3627 3802 3736 3853 Σω-

489 3888 652 3959 981
686 3898 739 3943 et
773 3886 1025 3942 Salvator
1057 3891 1234 3944 docet.
1272 3888 1397 3945 Haec
1424 3900 1603 3945 autem
1635 3892 1777 3947 dicta
1808 3904 1935 3948 sunt
1964 3896 2065 3949 ad-

2164 3889 2269 3961 τὴρ
2302 3889 2562 3946 διδάσκει.
2593 3890 2778 3945 Ταῦτα
2820 3892 2876 3945 δὲ
2909 3892 3122 3965 εἴρηται
3154 3893 3292 3964 πρὸς
3317 3894 3445 3959 τοὺς
3464 3892 3569 3944 ἀπὸ
3596 3892 3734 3945 Οὐα-

490 3996 685 4037 versus
706 3981 1002 4048 Valentini,
1048 3982 1310 4039 Basilidis
1355 3995 1518 4055 atque
1570 3985 1860 4041 Marcionis
1893 3996 2063 4043 secta-

2165 3980 2424 4045 λεντίνου,
2470 3981 2565 4036 καὶ
2614 3982 2915 4048 Βασιλίδου,
2963 3984 3057 4037 καὶ
3091 3985 3216 4048 τοὺς
3244 3984 3353 4037 ἀπὸ
3394 3984 3729 4055 Μαρκίωνος.

454 4085 658 4127 .tores.
695 4072 906 4128 Habent
952 4074 1099 4129 enim
1151 4083 1205 4129 et
1252 4075 1353 4144 ipsi
1405 4076 1568 4131 verba
1610 4077 1663 4131 in
1690 4092 1791 4133 suo
1823 4078 2065 4148 ipsorum

2169 4073 2396 4144 Ἔχουσι
2428 4073 2539 4145 γὰρ
2564 4075 2657 4128 καὶ
2683 4075 2836 4127 αὐτοὶ
2856 4076 2954 4138 τὰς
2976 4074 3147 4139 λέξεις
3177 4077 3236 4129 ὲν
3260 4075 3337 4145 τῷ
3367 4074 3488 4126 καθ’
3514 4073 3734 4135 ἑαυτοὺς

492 4162 807 4232 Evangelio,
864 4173 919 4219 et
968 4164 1213 4219 dicemus
1240 4166 1305 4218 ad
1333 4180 1427 4221 eos
1460 4185 1474 4220 :
1528 4165 1630 4233 Qui
1682 4178 2016 4238 przeceptum
2049 4187 2063 4223 :

2153 4161 2497 4236 Εὑαγγελίῳ·
2531 4166 2625 4218 καὶ
2655 4166 2899 4238 φήσομεν
2934 4165 3069 4238 πρὸς
3096 4165 3325 4229 αὐτούς⁹
3369 4166 3426 4219 ’0
3460 4164 3731 4237 μαρτυρή-

490 4254 691 4324 Diliges
722 4254 1005 4308 Dominum
1030 4255 1191 4309 Deum
1216 4266 1364 4310 tuum
1397 4258 1460 4323 ¹⁹,
1488 4274 1519 4313 e
1554 4257 1667 4328 lege
1690 4258 1936 4324 citatum,
1968 4275 2067 4314 nec

2168 4272 2269 4319 σας
2289 4272 2387 4326 τῳ,
2419 4256 2501 4309 ὅτι
2536 4255 2884 4326 Ἀγαπήσεις
2912 4259 3131 4325 Κύριον
3157 4255 3266 4309 τὸν
3299 4256 3449 4309 Θεόν
3478 4270 3614 4318 σου,
3638 4254 3733 4325 τὴν

491 4343 562 4398 ab
594 4343 703 4397 alio
734 4359 898 4413 quam
929 4345 997 4399 ah
1021 4344 1226 4415 Opiﬁce
1254 4346 1439 4400 datutn
1480 4346 1682 4409 laudat,
1706 4356 1760 4401 et
1780 4357 2063 4417 propterea
2096 4366 2104 4420 ι

2119 4368 2140 4420 ι
2169 4344 2388 4415 ἐντολήν
2415 4346 2522 4400 ἀπὸ
2559 4347 2742 4418 Νόμου
2770 4347 3034 4419 εἰρηκότι,
3064 4347 3125 4400 ού
3161 4346 3312 4418 παρά
3342 4363 3488 4410 τινος
3519 4345 3671 4400 EIth
3698 4344 3732 4415 ἢ

490 4434 622 4490 dicit
654 4453 668 4490 :
711 4433 861 4491 Recte
881 4436 1201 4506 respondisti
1237 4438 1300 4499 ¹³,
1333 4438 1462 4507 quid
1510 4438 1656 4494 aliud
1709 4455 1810 4493 nos
1843 4440 1958 4495 vult
1980 4441 2062 4494 fa-

2169 4438 2262 4491 τοῧ
2305 4438 2638 4512 δημιουργοῦ
2682 4441 2998 4513 εἰρημένην,
3045 4440 3140 4495 καὶ
3182 4445 3361 4513 φήσας
3400 4440 3494 4492 ἐπὶ
3528 4439 3733 4500 τούτοις

488 4540 613 4580 mare
641 4533 700 4579 ut
726 4525 974 4582 vivamus
1011 4528 1175 4582 vitam
1229 4536 1512 4593 aeternam,
1543 4543 1707 4598 quam
1742 4537 1855 4584 toto
1902 4531 2065 4585 corde

2170 4527 2340 4599 αὐτῷ,
2391 4528 2598 4596 Ὀρθῶς
2643 4530 2988 4598 ἀπεκρίθης,
3036 4530 3088 4583 τί
3126 4528 3253 4583 ἄλλο
3300 4528 3548 4600 βούλεται
3591 4528 3733 4599 ἡμᾶς

490 4615 660 4671 Deum
693 4617 919 4689 diligere
951 4618 1042 4688 qui
1071 4618 1124 4673 in
1159 4618 1274 4691 lege
1322 4631 1377 4676 ct
1404 4620 1684 4691 prophetis
1694 4621 2066 4691 prmdicatur?

2171 4619 2430 4691 πράττειν
2462 4620 2603 4692 ὑπὲρ
2628 4621 2719 4675 τοῦ
2754 4620 2916 4693 ζῆσαι
2942 4620 3041 4693 τήν
3077 4621 3290 4676 αἰώνιον
3327 4619 3492 4690 ζωὴν,
3527 4620 3560 4691 ἢ
3599 4620 3734 4688 ἁγα-

491 4705 742 4764 Salvator
806 4709 970 4782 igitur
1022 4710 1090 4766 de
1122 4711 1337 4767 duobus
1404 4713 1676 4768 mandatis
1737 4716 2062 4769 sententiam

2170 4715 2277 4784 πᾷν
2316 4713 2406 4767 τὸν
2451 4715 2603 4779 Θεὸν,
2640 4715 2732 4768 τὴν
2779 4717 2837 4769 ὲν
2878 4716 3027 4786 νόμῳ
3059 4716 3152 4768 καὶ
3186 4715 3511 4785 προφήταις,
3553 4714 3610 4764 ὲν
3640 4710 3735 4782 ὅλῃ

490 4814 645 4854 suam
680 4800 976 4857 declaravit
1007 4801 1195 4859 dicens
1228 4821 1241 4859 :
1296 4802 1365 4858 Et
1397 4819 1462 4859 ea:
1492 4805 1572 4859 Itis
1632 4805 1871 4859 universa
1894 4805 1983 4860 lex
2012 4818 2062 4858 et

2168 4806 2403 4879 καρδίᾳ;
2445 4807 2505 4861 ὐ
2538 4808 2728 4878 Σωτὴρ
2758 4807 2817 4860 δὲ
2845 4806 2974 4874 γοῦν
3001 4807 3315 4879 ἀπεφήνατο
3344 4806 3475 4877 περὶ
3504 4802 3610 4858 τῶν
3645 4802 3737 4855 δύο

488 4890 755 4960 propheta
780 4893 1005 4962 pendent
1036 4892 1102 4948 ¹⁴.

2162 4898 2391 4950 ἐντολῶν
2436 4898 2638 4967 λέγων’
2674 4898 2785 4953 Καὶ
2825 4899 2897 4951 ἐν
2929 4898 3137 4964 αὐταῖς
3173 4896 3319 4964 ὅλος
3357 4900 3392 4951 ό
3424 4898 3606 4966 νόμος
3634 4892 3733 4947 καί

2161 4991 2215 5043 οὶ
2246 4989 2545 5060 προφῆται
2583 4989 2923 5073 κρέμανται.

488 5090 634 5146 Idem
660 5099 801 5147 orat.
835 5107 890 5159 ι,
931 5091 1019 5158 εἰς
1041 5091 1395 5161 παραϐολὴν
1416 5091 1536 5146 τῶν
1566 5092 1956 5171 καλουμένωφς
1983 5094 2101 5171 ἐν]

2117 5096 2160 5171 ᾧ
2179 5099 2431 5166 δείπνῳ,
2463 5102 2515 5157 id
2543 5111 2649 5171 est,
2680 5061 3096 5171 lnrpdrabolam
3122 5100 3293 5154 vocati
3326 5098 3397 5152 ad
3429 5103 3730 5167 prandium:

1705 5164 1986 5230 sequentia
2030 5162 2282 5238 Origenis
2322 5162 2523 5227 laudat.

561 5254 892 5327 Simpliciter
917 5255 1094 5319 tribus
1144 5254 1323 5311 modis
1352 5253 1575 5324 quidam
1605 5254 1865 5309 excidunt
1897 5271 2063 5310 voca-

2253 5261 2462 5326 Ἀπλῶς
2491 5263 2549 5317 δὲ
2590 5264 2737 5335 τρισὶ
2783 5264 3005 5339 τρόποις
3059 5260 3427 5317 ἀποπίπτουσί
3459 5277 3603 5323 τινες
3633 5259 3733 5330 τῆς

489 5348 682 5401 tione:
741 5345 1001 5400 nimirum
1050 5346 1334 5415 phantasia
1379 5343 1693 5415 dogmatum
1750 5346 2060 5411 meliorum,

2168 5349 2430 5422 κλήσεωςο
2479 5352 2750 5424 φαντασίᾳ
2801 5352 3083 5423 δογμάτων
3139 5351 3499 5422 κρειττόνων,
3559 5346 3732 5413 διώξει

487 5438 785 5493 sectatione
841 5439 1199 5503 sensibilium,
1245 5447 1300 5493 et
1349 5438 1643 5508 voluptatis
1696 5455 1904 5495 amore.
1954 5440 2057 5508 Qui

2164 5442 2459 5515 αἰσθητῶν,
2495 5445 2588 5497 καὶ
2612 5444 2912 5517 φιληδονία.
2946 5446 3008 5497 Oi
3050 5442 3149 5515 μὲν
3195 5443 3303 5514 γὰρ
3335 5442 3502 5513 ἀγρὸν
3535 5440 3734 5512 ἀγορά-

487 5531 630 5584 enim
657 5546 849 5601 agrum
871 5539 1142 5594 emerunt,
1172 5530 1249 5585 illi
1283 5540 1410 5586 sunt
1432 5547 1527 5602 qut
1566 5543 1620 5587 et
1647 5533 1933 5602 prandium
1971 5549 2055 5587 re-

2163 5548 2353 5598 σαντες
2407 5533 2542 5589 εἰσὶν
2587 5535 2635 5589 οἳ
2694 5537 2786 5589 καὶ
2852 5532 3247 5606 παραιτοῦνται
3298 5531 3359 5585 τὸ
3406 5530 3640 5593 δεῖπνον,
3683 5530 3732 5582 οἰ

556 5645 741 5718 "__Luc.
780 5663 817 5711 ι,
849 5648 941 5701 45.
998 5646 1035 5718 77'
1063 5645 1193 5703 Luc.
1238 5663 1292 5713 ς,
1325 5646 1413 5700 25.
1493 5647 1513 5676 ’
1546 5647 1699 5703 Deut.
1734 5665 1806 5715 vt,
1970 5650 2021 5718 f°
2045 5647 2169 5704 Luc.

2116 5662 2175 5704 lC.
2220 5666 2274 5715 κ,
2322 5650 2413 5703 27.
2505 5653 2547 5683 “
2595 5652 2725 5709 ibid.
2776 5652 2866 5709 28.
2947 5652 2989 5683 ⁸³
3023 5649 3153 5707 ibid.
3191 5649 3281 5704 27.
3363 5649 3406 5682 ¹⁸
3457 5647 3584 5704 ibid.
3638 5646 3729 5699 9.8.

490 5711 535 5745 “
565 5712 753 5770 Matth.
785 5732 920 5782 ml,
957 5717 1043 5771 40.
