4084 6302
382 376 519 436 19θὸ

1612 368 2037 427 FRAGMENTA
2075 369 2142 426 ΙΝ
2180 369 2423 429 ιυεΑιι

3507 373 3530 427 1
3543 370 3648 430 906

378 488 782 563 παραλαϐόντες
810 486 1056 560 δόγματα
1091 486 1259 559 ἔτερα
1307 486 1408 556 τῆς
1438 485 1712 558 θεότητος,
1757 484 1953 556 πολλὴν

2059 495 2257 541 cnsant
2286 486 2521 556 receptis
2544 485 2895 558 dogmatibus
2916 502 2970 541 as
2990 485 3275 542 divinitate
3307 486 3522 551 atienis,
3552 503 3652 543 nec

376 582 569 653 ἔχοντα
598 581 931 652 πιθανότητα
962 579 1056 633 καὶ
1114 577 1388 632 ποικιλίαν
1420 577 1513 631 τοῦ
1556 578 1732 647 λόγου’
1769 577 1817 631 οἳ
1867 578 1961 632 καὶ

378 671 778 744 καταφρονοῦσι
813 669 908 723 τοῦ
935 667 1134 741 ἀγροῦ,
1182 668 1278 722 τοῦ
1320 667 1534 740 ἔχοντος
1582 668 1641 721 ὲν
1665 665 1843 738 ἑαυτῷ
1866 665 1963 736 θη-

379 762 581 835 σαυρὸν
626 762 721 816 καὶ
748 760 1027 831 δυνάμεις.
1075 761 1135 814 '0
1164 755 1257 815 οὖν
1283 759 1358 831 μὴ
1405 758 1549 824 ἰδὼν,
1579 759 1715 831 μηδὲ
1735 756 1962 829 δοκιμά-

377 870 478 918 σας
502 853 561 906 ὃν
584 852 786 905 ἐκτᾶτο
811 850 989 921 λόγον,
1021 850 1111 905 διὰ
1129 852 1190 905 τὸ
1212 849 1576 922 προειλῆφθαι
1601 846 1660 914 ἐξ
1692 847 1962 916 ἀνάγκης,

376 947 472 999 καὶ
498 946 598 1016 οὐχ
624 944 910 1008 ἑκουσίως,
941 942 1227 1015 ἐξέρχεται
1261 944 1326 996 ἐκ
1369 941 1464 995 τοῦ
1512 940 1750 1004 δείπνου,
1773 940 1868 993 καὶ
1897 940 1963 992 ὲκ

370 1036 469 1091 τοῦ
498 1036 847 1108 κεκληκότος,
880 1035 1024 1107 τάχα
1057 1035 1115 1088 δὲ
1144 1035 1241 1088 καὶ
1272 1033 1490 1088 ἑαυτοῦ·
1539 1034 1568 1087 6
1616 1032 1697 1097 δὲ,
1743 1029 1962 1100 Ἐρωτῶ

374 1144 471 1195 σε,
503 1128 690 1199 φησὶν,
711 1128 788 1192 ὡς
807 1126 954 1198 λόγῳ
985 1126 1137 1199 μόνῳ
1163 1124 1488 1196 αἰδούμενος
1510 1124 1603 1177 τὸν
1634 1121 1958 1194 κεκληκότα.

386 1220 446 1274 '0
475 1221 531 1274 δὲ
562 1219 731 1291 ζεύγη
773 1219 915 1291 βοῶν
937 1217 1219 1290 ἀγοράσας
1245 1215 1428 1281 πέντε,
1454 1208 1608 1279 οὗτός
1636 1216 1783 1268 ἐστιν
1803 1215 1831 1267 6
1861 1212 1962 1282 τῆς

373 1314 571 1385 νοητῆς
600 1311 957 1387 καταφρονῶν
981 1311 1200 1382 φύσεως
1218 1328 1234 1343 ο
1280 1311 1409 1381 περὶ
1438 1309 1497 1364 δὲ
1547 1305 1784 1378 αἰσθητά
1814 1305 1963 1376 φιλο-

374 1404 568 1475 χωρῶν
597 1403 704 1458 οὐδ’
736 1396 893 1467 οὗτος
924 1402 1252 1473 ἐδοκίμασεν
1303 1399 1364 1464 ἐξ
1393 1398 1570 1470 ἀρχῆς
1617 1396 1655 1452 ἀ
1704 1396 1958 1469 ἐώνηται.

377 1496 439 1547 El
472 1490 565 1549 οὗν
597 1497 625 1548 6
648 1494 742 1548 δύο
776 1493 1012 1565 ἀριθμὸς
1040 1493 1133 1546 ἐπὶ
1184 1491 1318 1562 ὕλης
1347 1490 1609 1544 τάσσεται
1643 1488 1737 1542 κα)⁵
1761 1488 1965 1553 εἴδους,

374 1575 530 1646 οὗτος
553 1582 622 1636 τά
638 1583 800 1637 ὑλικά
826 1582 1005 1653 ἐτίμα·
1030 1581 1111 1636 διὸ
1135 1581 1231 1635 καὶ
1258 1576 1415 1644 οὗτος
1436 1580 1497 1633 τὸ
1527 1578 1718 1651 νοητὸν
1744 1578 1961 1633 δεῖπνον

375 1672 710 1745 παρῄτηται·
741 1675 866 1727 ὅθεν
886 1674 981 1727 καὶ
1010 1672 1067 1727 εν
1092 1689 1257 1737 τισιν,
1294 1673 1416 1727 ἀντὶ
1455 1671 1573 1736 τοῦ,
1610 1671 1838 1740 Ἐρωτῶ
1862 1686 1957 1735 σε,

2062 592 2171 631 non
2204 578 2586 647 probabilitate
2614 588 2668 633 et
2697 578 2971 634 sermonis
2995 579 3259 634 varietate
3285 580 3532 646 ornatis;
3556 583 3649 650 qui

2063 673 2226 727 etiam
2256 681 2617 728 contemnunt
2651 688 2844 743 agrum
2902 672 2996 742 qui
3033 672 3195 727 habet
3238 672 3294 726 in
3343 688 3401 727 se
3430 672 3649 727 thesau-

2064 782 2185 820 rum
2215 774 2270 820 et
2300 766 2548 820 virtutes.
2574 765 2679 832 Qui
2737 766 2905 836 igitur
2956 780 3065 820 non
3113 764 3244 820 vidit
3278 780 3377 819 nec
3401 765 3651 834 probavit

2065 872 2227 926 quem
2260 857 2554 927 acquisivit
2584 872 2923 923 sermonem,
2959 872 3026 912 eo
3053 857 3200 927 quod
3236 865 3650 927 prmoccupatus

2063 949 2137 1006 sit
2166 949 2513 1015 necessitate,
2543 957 2598 1004 et
2650 964 2756 1004 non
2808 950 2999 1016 libere,
3046 950 3158 1003 exit
3188 965 3218 1003 a
3251 948 3504 1019 prandio,
3532 958 3583 1002 ct
3616 965 3648 1003 a

2062 1050 2293 1095 vocante
2316 1039 2588 1106 fortassis,
2620 1050 2673 1096 et
2704 1055 2736 1096 a
2787 1040 2990 1111 seipso.
3028 1040 3207 1106 Alius,
3238 1040 3462 1097 Obsecro
3494 1055 3543 1095 ιε
3578 1041 3645 1101 ¹⁵.

2064 1131 2260 1201 inquit,
2296 1140 2557 1202 tanquam
2583 1132 2756 1187 verbo
2789 1133 2908 1188 solo
2962 1133 3229 1187 reveritus
3273 1149 3399 1188 eum
3426 1133 3520 1204 qui
3550 1149 3644 1187 vo-

2062 1232 2299 1278 caverat.
2328 1223 2431 1289 Qui
2462 1232 2643 1278 autem
2694 1222 2825 1293 iuga
2879 1224 3045 1279 boum
3074 1224 3318 1294 quinque
3370 1225 3526 1290 emit,
3555 1224 3646 1280 hic

2061 1321 2144 1367 est
2164 1312 2258 1382 qui
2279 1313 2578 1382 spiritalem
2609 1313 3009 1385 intelligibilem
3036 1314 3338 1369 contemnit
3365 1327 3641 1371 naturam:

2062 1406 2154 1475 qui
2185 1419 2316 1459 vero
2371 1404 2427 1459 in
2484 1407 2650 1463 rebus
2701 1405 3058 1461 sensibilihus
3107 1406 3336 1461 libi-nter
3367 1416 3641 1471 versatus,

2061 1511 2241 1566 neque
2268 1495 2356 1552 hic
2389 1497 2459 1553 ab
2508 1497 2669 1553 initio
2716 1499 2969 1569 probavit
3016 1514 3139 1569 quae
3186 1500 3338 1554 emit.
3391 1498 3448 1555 Si
3480 1500 3644 1571 igitur

2061 1603 2324 1645 numerus
2351 1587 2460 1645 duo
2489 1589 2557 1645 de
2587 1589 2818 1644 materia
2860 1598 2917 1644 et
2970 1590 3037 1645 de
3082 1591 3262 1661 specie
3296 1591 3641 1661 praedicatur,

2063 1679 2152 1736 hic
2184 1681 2489 1735 materialia
2539 1681 2695 1735 multi
2749 1680 3021 1738 faciebat:
3078 1682 3434 1751 quamobrem
3468 1692 3521 1738 et
3554 1682 3644 1738 hic

375 1767 486 1821 Kal
508 1767 607 1821 διὰ
643 1766 822 1822 τοῦτο
849 1770 922 1822 οὑ
965 1767 1222 1838 δύναμαι
1246 1767 1466 1832 ἐλθεῖν,
1506 1769 1704 1821 κεῖται³
1753 1768 1805 1821 οἱ
1849 1766 1953 1840 γὰρ

2065 1771 2431 1827 intellectuale
2462 1772 2754 1843 prandium
2790 1773 3068 1828 recusavit
3102 1790 3116 1827 :
3150 1773 3303 1827 unde.
3325 1783 3385 1827 ct
3418 1774 3472 1828 in
3519 1775 3644 1842 qui-

371 1858 609 1929 ὁρῶντες
636 1859 704 1914 τά
742 1859 976 1931 αἰσθητά
1005 1876 1137 1930 φασι
1161 1859 1239 1932 μὴ
1266 1858 1525 1914 δύνασθαι
1549 1857 1840 1930 ἀσώματον
1858 1837 1953 1914 κα.-

2061 1861 2291 1918 busdam
2325 1837 2731 1934 exemplaribus
2761 1879 2859 1933 pro
2909 1865 2995 1919 his
3023 1864 3204 1920 verbis
3240 1882 3255 1919 :
3310 1864 3457 1935 Rogo
3487 1837 3632 1929 rei”,

371 1950 642 2005 ταλαϐεῖν·
672 1955 701 2006 6
719 1952 778 2007 δὲ
801 1952 988 2023 ἕτερός
1004 1953 1153 2006 ἐστιν
1172 1952 1201 2005 6
1222 1951 1410 2007 εἰπών’
1438 1951 1710 2007 Γυναῖκα
1742 1952 1953 2022 ἔγημα.

383 2042 442 2094 Ὀ
474 2043 647 2097 δοκῶν
676 2044 975 2115 εὑρηκέναι
1007 2044 1224 2114 σοφίαν,
1262 2045 1358 2098 καὶ
1390 2044 1563 2117 ταύτῃ
1597 2045 1952 2114 κοινωνήσας,

371 2134 465 2187 καὶ
489 2136 928 2209 παραιτούμενος
954 2137 1055 2207 τὴν
1083 2135 1280 2207 ἀληθῆο
1308 2136 1341 2208 ἢ
1368 2137 1397 2189 6
1427 2139 1497 2209 τῇ
1533 2136 1703 2207 σαρκὶ
1726 2135 1955 2206 ἑνούμε-

371 2243 461 2290 νος
481 2267 495 2289 ,
553 2228 836 2300 φιλήδονος
873 2228 1074 2299 μᾶλλον
1111 2228 1145 2299 ἢ
1176 2228 1442 2297 φιλόθεος.
1479 2228 1554 2282 Τὸ
1588 2228 1686 2299 μὲν
1719 2224 1811 2282 οῦν
1839 2227 1956 2282 ὁλο-

370 2318 563 2389 σχερὲς
586 2319 685 2390 τῆς
710 2318 1029 2393 παραϐολῆς
1057 2318 1250 2383 οὕτως,
1305 2319 1589 2384 Ἐκλάὃοις
1621 2320 1678 2374 δὲ
1733 2319 1831 2373 καὶ
1856 2319 1953 2374 ἄλ-

369 2406 476 2472 λως
508 2409 651 2463 κατά
681 2409 773 2463 τὸν
796 2410 1144 2465 τόπον.Ὅσον
1192 2409 1471 2481 ἄνθρωποί
1510 2411 1700 2482 ἐσμεν,
1732 2409 1828 2464 καὶ
1862 2409 1954 2464 τὸν

370 2497 602 2553 πλοῦτον
625 2499 726 2569 τῆς
758 2499 854 2553 τοῦ
886 2499 1022 2554 Θεοῦ
1056 2498 1425 2571 χρηστότητος
1456 2500 1519 2554 ού
1568 2500 1837 2572 συμφέρει
1869 2516 1954 2569 γι-

368 2588 597 2645 νώσκειν
629 2592 780 2662 ἡμῖν,
819 2590 1036 2662 ἀληθῶς
1066 2593 1095 2645 6
1135 2592 1267 2658 Θεὸς
1323 2591 1597 2664 ἀνθρώπῳ
1642 2591 1948 2663 ὁμοιοῦται,

369 2682 436 2736 ἵνῗ
462 2682 538 2748 ὡς
576 2683 860 2756 ἄνθρωπος
883 2682 1199 2755 ἀνθρώποις
1254 2684 1487 2759 λαλήσῃ,
1517 2687 1632 2748 τοῖς
1683 2681 1952 2754 χωροῦσιν

366 2775 785 2848 οίκονομηθῆναι
824 2776 931 2830 ὑπὸ
963 2775 1057 2830 τοῦ
1090 2774 1249 2842 Θεοῦ,
1302 2776 1482 2848 πάντη
1516 2776 1767 2848 μένοντος
1790 2774 1947 2829 Θεοῦ.

371 2865 479 2920 Καὶ
509 2865 630 2920 τότε
656 2866 929 2921 παύσεται
952 2862 1308 2942 ὁμοιούμενος
1333 2867 1635 2940 ἀνθρώπῳ,
1659 2868 1787 2921 ὃταν
1812 2865 1953 2920 παύ-

368 2958 593 3027 σάμενοι
621 2957 816 3030 ἔριδος,
857 2959 1042 3032 ζήλου,
1074 2963 1169 3015 καὶ
1197 2961 1307 3016 τῶν
1353 2960 1556 3016 λοιπῶν
1588 2959 1796 3024 κακῶν,
1856 2959 1951 3013 καὶ

365 3047 459 3101 τοῦ
495 3048 635 3101 κατά
676 3049 964 3121 ἄνθρωπον
993 3056 1336 3123 περιπατεῖν,
1371 3050 1691 3123 ἀξιωθῶμεν
1717 3049 1950 3105 ἀκοῦσαι

364 3136 473 3191 ἀπὸ
494 3138 588 3193 τοῦ
613 3139 774 3233 Θεοῦσ
822 3142 965 3212 Ἐγὼ
991 3139 1150 3197 εἶπα·
1182 3145 1316 3199 Θεοί
1336 3145 1497 3207 ἐστε,
1522 3144 1621 3198 καὶ
1645 3143 1759 3198 υἱοὶ
1789 3143 1953 3233 ’Υψξι-
1977 3174 2020 3233 C

362 3245 516 3284 στου
545 3228 1160 3297 πάντες-..Πεπαύσεται
1185 3234 1243 3288 δὲ
1268 3235 1362 3301 καὶ
1392 3233 1528 3288 ἄλλα
1558 3233 1728 3288 πολλά
1752 3231 1948 3287 καλού-

369 3340 547 3392 μενος,
579 3315 655 3376 ὧν
711 3323 1044 3397 ἁμαρτωλὸς
1094 3326 1288 3398 χρῄζει
1339 3325 1655 3398 ἄνθρωπος,
1704 3325 1945 3398 πάνθηρ,

365 3413 460 3468 καὶ
485 3414 642 3479 λέων,
670 3415 763 3469 καί⁵
782 3416 1005 3488 ἄρκτος,
1037 3417 1114 3481 ὡς
1144 3419 1204 3472 ὲν
1231 3420 1359 3483 τοῖς,
1379 3418 1690 3488 προφήταις
1739 3416 1945 3488 γέγρα-

366 3522 515 3558 πται.
574 3505 846 3559 Παύσεται
872 3508 984 3579 γὰρ
1008 3507 1183 3560 ταῦτα
1233 3507 1480 3575 γίνεσθαι
1528 3506 1682 3568 Θεὸς,
1739 3506 1826 3558 ὅτε
1857 3498 1964 3560 διά

363 3597 488 3660 τοὺς
514 3596 639 3649 τάδε
674 3596 1040 3666 πεποιηκότας
1066 3595 1262 3666 μηκέτι
1284 3595 1474 3666 χρῄζει
1506 3594 1600 3648 τοῦ
1632 3594 1708 3657 ὡς
1734 3595 1944 3666 πάνθη-

366 3702 481 3757 ρος,
502 3686 598 3739 καὶ
619 3684 713 3738 τοῦ
746 3685 822 3749 ὡς
853 3685 1092 3751 λέοντος,
1122 3688 1215 3741 καὶ
1252 3685 1347 3739 τοῦ
1377 3687 1452 3751 ὡς
1480 3686 1680 3759 ἄρκτου
1712 3688 1947 3756 ἀπορου-

369 3778 552 3847 μένου.
587 3777 759 3841 Αύτδς
807 3778 908 3831 οὐκ
961 3777 1044 3832 ἔτι
1097 3778 1236 3850 ἔχων
1279 3779 1406 3843 τοὺς
1461 3779 1736 3844 τοιούτους
1779 3778 1943 3832 αὐτοῦ

365 3870 686 3942 χρῄζοντας,
706 3871 997 3943 ὲμφανίσει
1025 3872 1218 3926 ἑαυτὸν
1238 3871 1420 3937 καθώς
1450 3873 1587 3936 ἐστι,
1610 3872 1743 3937 Θεὸς
1774 3871 1946 3936 ἑστὼς

364 3962 423 4013 ὲν
461 3960 613 4032 μέσῳ
644 3961 804 4016 θεῶν.
836 3959 1024 4026 Οὕτως
1045 3962 1227 4016 ἀκούω
1256 3964 1351 4017 καὶ
1378 3963 1492 4016 τοῦ·
1528 3964 1581 4017 ’0
1614 3964 1757 4031 Θεὸς
1778 3961 1946 4033 ἡμῶν

365 4052 486 4121 πῦρ
509 4055 990 4108 καταναλίσκονο
1017 4054 1094 4125 τῷ
1118 4054 1228 4127 γάρ
1254 4057 1355 4109 οὐκ
1384 4055 1497 4109 ὄντι
1530 4056 1666 4127 ἀξίῳ
1717 4073 1946 4112 κατανα-

366 4145 645 4199 λίσκεσθαι
670 4145 784 4216 φῶς
804 4146 919 4199 ἐστι
947 4145 1086 4200 κατά
1138 4147 1230 4200 τὸν
1279 4146 1530 4218 Ἰωάννην
1580 4149 1826 4217 λέγονταο
1883 4149 1945 4202 Ὃ

370 4239 514 4305 Θεὸς
544 4238 712 4308 ἡμῶν
735 4239 862 4310 φῶς
894 4241 1058 4306 ἐστι,
1103 4240 1199 4294 καί
1240 4243 1452 4296 σκοτία
1525 4241 1595 4294 ἐν
1638 4238 1799 4306 αὐτῷ
1830 4242 1943 4295 οὐκ

367 4332 517 4395 ἐστι’
553 4334 644 4387 καὶ
672 4330 848 4399 αὖθις⁸
885 4336 1083 4399 Οὔπω,
1137 4333 1320 4404 φησὶν,
1350 4332 1687 4402 sseae-epsqu
1716 4333 1774 4387 σί
1808 4333 1945 4388 ἐσό-

369 4427 532 4486 μεθα.
566 4426 823 4496 υῗδαμεν
853 4426 941 4494 δὲ,
966 4427 1079 4494 ὅτι,
1108 4427 1217 4482 ἐὰν
1263 4424 1594 4496 φανερωθῇ,
1632 4425 1815 4500 ὅμοιοι
1838 4429 1944 4481 αὑ-

2059 1957 2316 2025 ponitur:
2349 1955 2728 2028 Et~propterca
2766 1975 2873 2012 non
2909 1975 3121 2029 possum
3145 1959 3336 2013 venire.
3364 1958 3468 2026 Qui
3494 1960 3638 2015 enim

2058 2046 2338 2103 sensibilia
2371 2048 2577 2113 vident,
2607 2049 2764 2105 aiunt
2787 2065 2847 2106 se
2876 2064 2985 2105 non
3013 2032 3175 2121 posse
3204 2052 3354 2122 quod
3390 2053 3641 2124 incorpo-

2056 2153 2210 2191 reum
2267 2147 2353 2194 est
2401 2140 2885 2209 comprehendere.
2941 2140 3091 2198 Alter
3121 2152 3304 2198 autem
3332 2145 3423 2214 qui
3455 2144 3591 2200 dixit
3623 2165 3635 2201 :

2062 2228 2287 2284 Uxorem
2315 2231 2449 2286 duxi
2488 2233 2554 2296 ",
2589 2232 2636 2288 is
2689 2241 2775 2288 est
2828 2233 2922 2305 qui
2974 2235 3188 2291 videtur
3246 2237 3523 2294 invenisse
3550 2256 3638 2296 sa-

2055 2320 2339 2389 pientiam,
2365 2330 2420 2375 et
2449 2321 2595 2379 illius
2633 2323 2905 2395 particeps
2962 2339 3085 2381 esse
3136 2325 3333 2396 factus,
3365 2340 3420 2384 at
3452 2347 3635 2386 veram

2055 2411 2380 2482 sapientiam
2410 2422 2628 2470 recusat
2657 2433 2671 2470 :
2713 2416 2797 2472 vel
2831 2417 2924 2488 qui
2952 2421 3104 2475 carni
3156 2421 3360 2489 unitur,
3397 2430 3451 2476 et
3480 2424 3637 2478 volu-

2053 2504 2220 2574 ptatis
2244 2506 2421 2577 magis
2446 2523 2610 2578 quam
2649 2508 2744 2566 Dei
2775 2520 2989 2567 amator
3047 2521 3151 2569 est.
3198 2512 3479 2569 Parabolu:
3507 2532 3637 2585 ergo

2053 2612 2271 2652 summa
2334 2598 2449 2654 haec
2501 2607 2604 2656 est.
2661 2600 2948 2673 Explicare
2994 2605 3198 2674 poteris
3243 2606 3405 2661 etiam
3457 2609 3633 2663 aliter.

2053 2687 2337 2754 Quatenus
2399 2691 2667 2749 homines.
2699 2709 3061 2760 sumus,.nec
3106 2697 3323 2754 divitias
3380 2700 3637 2758 bonitatis

2053 2778 2148 2835 Dei
2180 2782 2340 2838 nobis
2369 2785 2627 2841 conducit
2652 2801 3023 2857 cognoscere,
3054 2805 3183 2846 vere
3240 2789 3387 2847 Deus
3425 2794 3635 2848 homini

2052 2873 2419 2942 assimilatnr,
2435 2885 2497 2931 ut
2525 2885 2790 2948 tanquam
2836 2880 3002 2936 homo
3038 2882 3296 2953 loquatur
3324 2884 3636 2941 hominibus

2051 2964 2146 3035 qui
2173 2977 2397 3035 possunt
2449 2970 2742 3040 gubernari
2790 2989 2821 3026 a
2858 2971 2988 3036 Deo,
3041 2976 3265 3029 omnino
3318 2990 3633 3032 remanente

2052 3055 2183 3111 Deo.
2215 3056 2282 3112 Et
2342 3068 2473 3116 tunc
2521 3061 2735 3117 desinet
2789 3066 3084 3121 assimilari
3132 3068 3362 3133 homini,
3414 3070 3633 3139 quando

2054 3160 2334 3207 cessantes
2356 3167 2385 3206 a
2409 3155 2784 3221 contentione,
2816 3160 2953 3222 zelo,
3002 3168 3054 3214 ει
3090 3160 3316 3230 reliquis
3344 3163 3521 3222 malis,
3552 3171 3634 3215 at-

2052 3256 2162 3311 que
2190 3243 2488 3299 secundum
2519 3245 2795 3301 hominem
2824 3248 3106 3305 ambulare
3133 3251 3462 3318 desinentes,
3485 3253 3630 3323 digni

2053 3328 2182 3386 facti
2208 3330 2473 3390 fuerimus
2514 3336 2707 3393 audire
2745 3356 2769 3393 ι
2797 3338 2908 3410 Ego
2930 3340 3045 3394 dixi
3069 3357 3088 3395 :
3144 3341 3235 3396 Dii
3260 3344 3408 3408 estis,
3449 3354 3497 3397 et
3531 3346 3634 3413 ﬁlii

2054 3420 2268 3479 Επειεὶ
2307 3441 2487 3481 omnes
2543 3428 2607 3482 ⁸⁸.
2645 3428 2867 3486 Desinet
2917 3432 3081 3488 etiam
3130 3433 3234 3487 alia
3269 3434 3499 3505 plurima
3533 3452 3630 3489 vo-

2052 3513 2188 3576 cari,
2212 3514 2385 3584 $2
2408 3517 2609 3585 quibus
2657 3531 2911 3588 peccator
2964 3524 3131 3578 homo
3178 3526 3400 3600 indiget,
3437 3545 3632 3599 nempe

2052 3603 2338 3671 panthera,
2382 3606 2488 3671 leo,
2543 3617 2599 3662 et
2642 3625 2828 3674 ursus,
2892 3613 3038 3669 sicut
3085 3615 3139 3669 in
3194 3620 3472 3687 prophetis
3503 3622 3633 3675 seii-

2050 3701 2203 3761 ptum
2227 3703 2331 3748 est.
2385 3694 2607 3753 Desinet
2645 3701 2792 3755 enim
2850 3703 2966 3759 haec
3011 3721 3134 3761 esse
3183 3706 3347 3771 Deus,
3410 3712 3631 3780 quando

2050 3794 2272 3851 propter
2299 3799 2396 3839 eos
2424 3787 2516 3855 qui
2541 3788 2669 3844 talia
2700 3789 2968 3859 fecerunt,
3007 3811 3113 3849 non
3165 3798 3401 3866 amplius
3426 3799 3630 3870 indiget

2050 3871 2200 3928 illius
2228 3874 2323 3944 qui
2354 3884 2610 3948 tanquam
2658 3883 2944 3952 panthera,
2984 3887 3066 3941 vel
3119 3897 3376 3959 tanquam
3408 3892 3513 3958 leo,
3545 3894 3627 3948 vel

2053 3973 2321 4059 tanquam?
2349 3984 2513 4026 ursus
2557 3972 2625 4027 ad
2676 3974 2918 4059 “nopiam
2958 3979 3209 4036 redactus
3235 3994 3338 4038 est.
3372 3983 3488 4053 Ipse
3517 4002 3625 4041 non

2052 4057 2287 4126 amplius
2311 4058 2520 4117 habens
2548 4057 2810 4137 tales—qui
2854 4069 3036 4139 seipso
3061 4071 3357 4142 indigeant,
3382 4077 3623 4145 seipsum

2051 4149 2431 4206 manifestabit
2455 4153 2617 4210 sicuti
2669 4168 2773 4226 est,
2815 4159 3069 4231 Deusque
3126 4166 3291 4219 stabit
3340 4166 3394 4220 in
3447 4170 3627 4224 medio

2050 4239 2303 4296 deorum.
2336 4243 2429 4300 Sic
2457 4247 2667 4317 accipio
2692 4250 2856 4305 etiam
2896 4253 3026 4307 illud
3065 4273 3078 4309 :
3112 4254 3251 4310 Deus
3285 4269 3462 4313 noster
3488 4260 3625 4330 ignis

2050 4347 2361 4389 consumens
2394 4337 2473 4401 ";
2506 4337 2555 4391 ei
2583 4338 2728 4394 enim
2761 4342 2856 4412 qui
2879 4343 3075 4414 dignus
3105 4361 3212 4400 non
3242 4357 3325 4402 est
3350 4352 3622 4412 consumi,

2051 4421 2145 4476 lux
2169 4432 2255 4477 est
2289 4427 2589 4483 secundum
2621 4427 2889 4487 Joannem
2921 4433 3185 4491 dicentem
3216 4454 3229 4491 :
3282 4436 3420 4492 Deus
3451 4448 3627 4492 uoster

370 4515 447 4579 τῷ
478 4515 756 4586 ἐσόμεθα,
787 4517 878 4571 ὅτι
932 4520 1198 4589 ὀψόμεθα
1224 4517 1413 4573 αὐτὸν
1439 4516 1632 4583 καθώς
1659 4517 1850 4572 ἐστιν.
1881 4519 1943 4572 El

2055 4514 2146 4567 tua:
2172 4523 2272 4581 est,
2299 4526 2347 4569 et
2382 4516 2607 4574 tenebrae
2632 4521 2686 4575 in
2712 4539 2772 4576 eo
2803 4539 2903 4577 non
2953 4533 3075 4579 sunt
3107 4527 3173 4579 '°.
3205 4525 3269 4581 Et
3311 4542 3504 4583 rursus
3532 4531 3572 4561 ²¹
3608 4547 3622 4583 :

378 4606 476 4678 γάρ
501 4608 595 4661 καὶ
621 4607 940 4679 ἀξιωθῶμεν
971 4608 1160 4681 βλέψαι
1212 4610 1309 4665 νῦν
1340 4610 1432 4665 τὸν
1468 4609 1602 4663 Θεὸν
1628 4607 1707 4680 τῷ
1748 4608 1826 4681 νῷ
1854 4609 1947 4664 καὶ

376 4701 432 4771 τῇ
457 4700 672 4772 καρδία,
703 4701 765 4753 οὐ
790 4700 1061 4774 βλέπομεν
1093 4703 1255 4758 αὐτὸν
1280 4702 1461 4767 καθώς
1489 4704 1656 4769 ἐστιν,
1691 4701 1827 4758 ἀλλά
1847 4719 1948 4757 κα-

2054 4605 2310 4661 Noudum
2362 4613 2611 4679 apparuit
2668 4614 2796 4684 quid
2843 4617 3062 4672 erimus.
3134 4616 3345 4673 Scimus
3374 4622 3623 4690 quoniam

2045 4716 2162 4754 cunt
2215 4704 2545 4771 apparuerit,
2606 4706 2805 4762 similes
2843 4704 2899 4763 ei
2945 4711 3164 4774 erimus.
3208 4713 3455 4782 quoniam
3481 4715 3622 4769 uide-

370 4792 477 4858 θὼς
506 4792 595 4847 διὰ
625 4793 725 4865 τὴν
775 4794 1052 4868 ἡμετέραν
1092 4796 1402 4867 οἰκονομίαν
1434 4797 1569 4867 ἡμῖν
1615 4795 1845 4864 γίνεταιο
1887 4795 1945 4849 ὲν

2055 4792 2216 4847 bimus
2237 4810 2356 4848 eum
2384 4796 2543 4851 sicuti
2576 4810 2676 4852 est.
2713 4797 2824 4853 Etsi
2851 4798 2995 4855 enim
3025 4801 3173 4871 digni
3199 4802 3325 4857 facti
3359 4804 3624 4860 fuerimus

370 4885 424 4938 δὲ
451 4887 517 4956 τῇ
540 4886 984 4942 ἀποκαταστάσει
1039 4889 1277 4954 πάντων,
1323 4891 1400 4952 ὡς
1449 4888 1678 4960 ὲλάλησε
1708 4887 1796 4942 διὰ
1824 4887 1946 4942 στό-

371 4994 542 5046 ματος
566 4978 678 5032 τῶν
716 4979 887 5049 ἁγίων
920 4981 1105 5046 αῦτοῦ,
1147 4980 1394 5053 ὀψόμεθα
1417 4981 1516 5051 οὐχ
1543 4980 1620 5044 ὡς
1648 4979 1766 5043 νῦν,
1791 4979 1822 5033 ὸ
1842 4981 1953 5036 οὐκ

370 5068 538 5133 ἔστιν,
573 5068 691 5123 ἀλλ’
718 5069 794 5134 ὡς
826 5071 1029 5143 πρέπει
1078 5072 1199 5127 τότε
1237 5073 1266 5127 ὅ
1311 5073 1449 5126 ἔστι.
1505 5071 1643 5144 Παρ’
1666 5073 1797 5144 ἡμῖν
1844 5071 1945 5142 μὲν

368 5163 482 5224 τοῖς
514 5160 821 5234 ἀνθρώποις
872 5161 1145 5236 ἀνθρώπῳ
1171 5162 1451 5236 ὡμοιώθηο
1508 5164 1662 5237 παρά
1715 5164 1772 5220 δὲ
1830 5167 1944 5230 τοῖς

368 5251 595 5316 ἑαυτοὺς
646 5254 1041 5315 ἀποθεὼσουσι,
1074 5254 1212 5327 Θειξν
1269 5256 1334 5310 '0
1391 5255 1549 5329 Θεὸς.
1587 5256 1699 5328 γὰρ,
1755 5258 1906 5325 ἐσται
1925 5297 1946 5325 ,

369 5342 534 5413 φησὶν
548 5384 562 5406 ,
602 5343 673 5396 ἐν
692 5345 1015 5415 συναγωγῇ
1049 5347 1218 5402 θεῶν.
1640 5379 1646 5389 -

2043 4883 2231 4939 videre
2256 4900 2402 4940 nunc
2460 4885 2630 4941 Deum
2686 4896 2865 4946 mente
2910 4896 2966 4944 et
3017 4890 3202 4957 corde,
3236 4906 3345 4945 non
3379 4891 3623 4947 videmus

2049 4989 2175 5029 eum
2204 4975 2362 5033 sicuti
2391 4985 2495 5044 est,
2531 4976 2623 5032 sed
2647 4978 3102 5047 quemadmodum
3133 4980 3291 5036 nobis
3313 4990 3395 5036 est
3424 4998 3623 5038 secun-

2049 5069 2178 5129 dum
2213 5078 2454 5127 nostram
2475 5071 2668 5142 agendi
2703 5072 2967 5126 rationem
2995 5073 3098 5127 :-in
3126 5073 3464 5129 restitutione
3494 5089 3623 5129 vero

2052 5161 2319 5222 omnium.
2356 5161 2499 5217 sicut
2542 5163 2756 5217 locutus
2812 5172 2892 5218 est
2925 5178 3019 5232 per
3044 5179 3108 5219 os
3156 5174 3623 5222 sanetorum.suo—

2050 5268 2195 5319 rum,
2222 5253 2530 5311 videbimus
2555 5270 2662 5308 non
2686 5254 2827 5309 sicut
2856 5271 3022 5321 nunc,
3056 5256 3201 5326 quod
3232 5272 3338 5314 non
3373 5264 3475 5316 est.
3502 5256 3616 5317 sed,

2051 5344 2193 5401 sicut
2231 5345 2385 5400 decet
2413 5354 2565 5412 tunc,
2592 5346 2734 5416 quod
2766 5354 2868 5400 est.
2922 5347 3079 5416 Apud
3129 5363 3229 5403 nos
3261 5348 3493 5417 quidem.
3521 5349 3621 5407 ho-

369 5436 546 5493 mines
574 5438 780 5494 homini
836 5442 1173 5499 assimilatus
1192 5453 1307 5508 est;
1346 5443 1486 5511 apud
1511 5458 1613 5499 eos
1644 5460 1774 5499 vero
1796 5443 1886 5514 qui
1918 5443 2127 5513 seipsos
2156 5443 2352 5499 divinae
2383 5452 2668 5499 consortes
2723 5452 2931 5498 natura:
2975 5442 3254 5509 fecerunt,
3285 5443 3395 5499 Deo
3425 5463 3440 5499 :
3482 5443 3618 5497 Deus

371 5528 542 5592 enim,
590 5528 798 5599 inquit,
827 5534 973 5588 stetit
1017 5534 1072 5587 in
1110 5547 1378 5605 synagoga
1402 5534 1616 5588 deorum
1645 5537 1711 5588 ".

449 5686 493 5718 η
524 5685 655 5740 Luc.
688 5703 805 5750 xm,
836 5688 923 5744 l8.
1026 5689 1072 5721 η
1121 5689 1340 5745 nmmo
1366 5689 1532 5745 (³120.
1633 5651 1828 5747 "ibid.
1872 5692 1961 5747 se.

374 5755 426 5807 5.
500 5756 543 5787 “
580 5755 597 5808 l
638 5755 794 5811 Joan.
832 5774 914 5821 ιιι,
943 5759 997 5812 2.
1076 5761 1121 5793 ’³
1170 5760 1315 5816 Psal.
1383 5774 1570 5820 um.
1606 5760 1651 5812 l.

2079 5692 2131 5722 ⁸⁸
2155 5690 2298 5747 Psal.
2337 5707 2518 5758 Luxu,
2555 5689 2608 5744 6.
2693 5691 2735 5721 ”
2770 5690 2930 5747 llcbr.
2964 5706 3062 5754 xu,
3095 5691 3184 5745 ‘25.
3260 5688 3305 5720 ²⁰
3335 5686 3536 5747 Iluan.
3575 5708 3617 5757 ι,
