4084 6302
526 285 664 346 1908

1598 303 1922 360 ORIGENiS
1952 302 2378 358 FRAGMENTA
2419 302 2483 358 IN
2515 302 2768 360 LUCAM.

3643 309 3784 364 i908

727 418 875 477 Orat.
909 438 980 476 χι.
1018 423 1123 488 Εἰς
1144 420 1497 490 παραϐολὴν
1524 420 1629 475 τοῦ
1653 421 1912 484 ἀσώτου,
1938 421 2044 476 hoc
2077 434 2098 474 ε

2202 439 2205 472 :
2237 416 2305 472 In
2326 419 2636 488 parabolam
2675 418 2909 488 prodigi,
2947 421 3062 474 hmc
3090 417 3339 491 Origcnis
3379 420 3559 478 habet.

584 535 856 606 lntelliges
883 536 1045 590 etiam
1091 537 1172 592 sic
1222 536 1532 593 desiderare
1585 537 1871 608 prodigum
1905 535 2089 590 satiari

2267 534 2500 604 Νοήσεις
2531 533 2587 586 δέ
2637 535 2729 591 καὶ
2778 533 2951 597 οὓτως
2999 533 3060 588 τὺ
3113 533 3400 605 ἐπιθυμεῖν
3447 537 3781 609 κορεσθῆναι

522 628 752 699 siliquis.
807 626 1166 684 Rationabilis
1213 637 1430 692 natura,
1464 644 1589 685 cum
1645 644 1675 683 a
1708 637 1851 682 recta
1884 628 2093 682 ratione

517 736 709 777 aversa
737 728 842 783 cst,
874 719 1167 786 desiderat,
1200 722 1245 777 si
1298 721 1479 776 minus
1515 722 1569 776 in
1599 718 2091 791 prmslantioribus,

517 812 708 867 saltem
803 810 856 864 in
918 811 1393 883 qualibuscunque
1457 810 1806 867 sermonibus
1864 808 2089 863 versari.

514 900 784 966 Quoniam
815 916 945 956 vero
974 901 1185 972 siliquae
1205 903 1524 958 dulcescunt
1559 901 1778 972 quidem
1810 910 1860 956 et
1891 899 2091 970 impin-

513 1000 683 1061 guant
709 1007 928 1062 corpus,
959 993 1187 1048 stercori
1210 1001 1390 1048 autem
1417 1008 1524 1048 non
1552 992 1682 1047 dant
1715 991 1882 1056 viam,
1918 991 2093 1060 accipi

513 1092 742 1152 possunt
775 1099 872 1154 pro
901 1085 1139 1139 materiae
1170 1085 1526 1156 corporisque
1559 1084 1860 1139 amantium
1892 1083 2093 1152 proha-

512 1177 714 1236 bilibus
737 1178 1103 1244 sermonibus,
1159 1179 1501 1249 voluptatem
1533 1176 1830 1232 dicentium
1866 1176 2091 1236 bonum,

519 1267 879 1341 prurientium
905 1269 1155 1332 auribus,
1189 1277 1242 1322 ct
1297 1268 1365 1322 ad
1410 1266 1619 1322 fabulas
1655 1279 1994 1320 aversorum.
2024 1261 2093 1315 Et

513 1375 665 1414 nemo
688 1358 850 1412 dabat
880 1361 946 1414 ”.
984 1358 1133 1415 Bona
1159 1359 1304 1414 enim
1353 1359 1534 1414 indole
1581 1357 1820 1427 praeditis
1849 1353 2096 1425 putridas

515 1451 832 1520 disciplinas
881 1470 987 1507 non
1029 1453 1251 1507 tradunt
1305 1452 1455 1516 mali,
1489 1467 1556 1506 ne
1607 1449 2091 1519 reprehendantur.

514 1542 632 1598 Huc
662 1544 799 1600 adde
824 1546 967 1614 quod
1003 1552 1390 1600 extraneorum
1453 1557 1734 1598 sermones
1765 1541 1970 1594 nullum
1997 1539 2097 1594 ali-

514 1642 758 1688 mentum
782 1635 1150 1704 suppeditant,
1199 1650 1298 1689 ncc
1346 1634 1490 1704 quod
1539 1633 1593 1686 in
1626 1631 1901 1686 alimentis
1933 1630 2098 1683 ratio-

515 1725 792 1779 nabilibus
856 1739 1024 1793 capax
1095 1733 1181 1779 est
1244 1732 1300 1777 ct
1359 1721 1807 1786 distributivum,
1870 1718 2098 1786 implere

515 1822 745 1884 queunt.

2193 625 2285 677 τὸν
2317 624 2528 677 ἀσωτον
2577 625 2644 676 ἐκ
2693 623 2802 676 τῶν
2835 623 3126 695 κερατίων.
3186 625 3250 678 Ἦ
3287 624 3479 698 λογικὴ
3507 625 3676 696 φύσις
3703 622 3784 687 Ἐν

2194 713 2389 784 ἀλογίᾳ
2420 712 2687 783 γενομένη
2715 712 2994 782 ἐπιθυμεῖ,
3027 713 3130 768 κᾶν
3166 713 3238 785 μὴ
3280 717 3340 768 ἐν
3383 716 3672 786 κρείττοσιν
3695 719 3780 773 λό-

2195 821 2332 874 γοις,
2367 804 2425 857 ἐν
2455 805 2662 868 ὁποίοις
2695 804 2826 874 γοῦν
2851 805 3202 876 καταντῆσαι.
3243 807 3395 860 Ἐπεὶ
3440 808 3496 860 δὲ
3544 812 3778 882 κεράτια

2195 895 2459 965 γλυκάζει
2496 897 2613 968 μὲν,
2647 897 2740 950 xui.
2771 897 2972 950 πιαίνει
3001 896 3065 950 τὸ
3110 898 3290 969 σῶμα,
3322 898 3399 970 τῷ
3429 899 3486 953 δέ
3519 903 3784 974 ιιινκυϐάλῳΔ

2195 989 2255 1043 ού
2288 989 2504 1043 δίδωσιν
2521 988 2660 1052 όδδν,
2695 983 2804 1042 εἷεν
2827 986 2892 1041 ἂν
2924 986 3101 1042 ταῦτα
3126 989 3392 1057 φιλοΰλων
3421 993 3516 1044 καὶ
3547 991 3780 1060 φιλοσω-

2200 1080 2384 1152 μάτων
2436 1080 2584 1150 λόγοι
2632 1079 2868 1146 πιθανοὶ,
2914 1081 3010 1152 τὴν
3043 1079 3233 1153 ἡδονὴν
3251 1082 3521 1150 λεγόντων
3550 1083 3775 1151 ἀγαθὸν,

2198 1173 2548 1244 κνηθομένων
2574 1171 2672 1245 τὴν
2701 1173 2893 1243 ἀκοὴν,
2926 1174 3021 1228 xu‘t
3061 1174 3154 1227 ἐπὶ
3188 1176 3313 1238 τοὺς
3345 1175 3548 1245 μύθους
3588 1177 3779 1247 ἐκτρες

2197 1265 2468 1334 πομένων.
2497 1265 2606 1318 Καὶ
2647 1265 2846 1332 οὐδεὶς
2893 1263 3116 1319 ἐδίδου.
3159 1267 3283 1330 Τοῖς
3307 1266 3415 1337 γὰρ
3449 1267 3677 1334 εὐφυέσι
3711 1268 3778 1320 τά

2199 1355 2375 1427 σαθρά
2404 1355 2704 1428 μαθήματα
2731 1358 2791 1410 ού
2829 1357 3214 1429 παραδιδόασιν
3243 1358 3292 1410 oi.
3320 1357 3535 1426 φαῦλοι,
3591 1360 3680 1412 ἵνα
3707 1357 3778 1429 μὴ

2197 1446 2545 1518 ἐλέγχωνται.
2577 1447 2788 1511 ’Ἄλλως
2812 1465 2871 1501 τε
2895 1451 2942 1502 οἱ
2975 1446 3084 1500 τῶν
3110 1447 3306 1512 ἔξωθεν
3331 1447 3477 1515 λόγοι
3528 1449 3769 1519 ἄτροφοι,

2197 1536 2293 1589 καὶ
2320 1537 2380 1590 τὸ
2412 1538 2717 1610 χωρητικὸν
2763 1539 2857 1591 καὶ
2883 1539 3198 1592 ἀναδοτικδν
3223 1538 3332 1593 τῶν
3383 1539 3622 1608 λογικῶν
3653 1555 3765 1612 τρο-

2199 1626 2316 1696 φῶν
2340 1628 2615 1708 ἐμπλῆσαι
2645 1631 2707 1689 ού
2740 1631 3014 1689 δύνανται.

713 1905 866 1961 Orat.
898 1923 984 1963 xv.
1012 1908 1114 1972 Εἰς
1151 1904 1265 1974 τὴν
1280 1905 1743 1974 μεταμόρφωσιν
1775 1897 2062 1969 Χριστοῦ,
2089 1898 2098 1952 i

2203 1911 2286 1958 st:
2320 1903 2386 1958 I-‘n
2417 1907 2940 1978 transﬁgurationem
2967 1905 3192 1972 Christi,
3229 1905 3343 1960 haec
3373 1904 3580 1959 laudat.

584 2019 951 2085 Quamobrem
978 2019 1221 2073 utetiam
1253 2032 1536 2072 resumens
1562 2028 1868 2070 sermonem
1893 2011 2092 2075 dicam,

2267 2018 2377 2071 Καὶ
2421 2018 2602 2074 τοίνυν
2662 2019 2750 2072 ἵνα
2804 2018 2899 2073 καὶ
2958 2015 3320 2072 ἐπαναλαϐὼν
3369 2014 3460 2068 τόν
3510 2014 3668 2082 λόγον
3703 2015 3779 2066 eis

524 2127 630 2165 non
658 2110 862 2165 frustra
888 2119 1013 2180 post
1048 2125 1145 2165 scx
1167 2107 1283 2163 dies
1309 2106 1523 2163 Marcus
1549 2115 1602 2161 ct
1634 2104 1919 2159 Matthaeus
1948 2101 2101 2159 aiunt

514 2203 808 2258 ascendere
839 2201 1025 2256 Jesum
1065 2201 1118 2256 in
1151 2210 1389 2255 montem
1453 2213 1578 2253 cum
1614 2195 1900 2265 discipulis
1934 2212 1947 2247 :
2007 2192 2101 2248 sed

518 2295 772 2367 quoniam
837 2309 933 2349 sex
992 2294 1184 2349 diebus
1234 2292 1470 2364 perfecto
1518 2304 1755 2344 numero.
1808 2288 2102 2344 universus

515 2387 754 2442 mundus
784 2385 960 2441 factus
984 2396 1088 2449 est,
1119 2386 1212 2455 qui
1273 2385 1556 2438 universas
1586 2381 1771 2436 mundi
1795 2396 1881 2435 res
1911 2393 2100 2448 super-

517 2480 781 2548 greditur,
815 2477 1149 2547 stabilesque
1199 2476 1346 2532 solas
1397 2483 1628 2529 aatemas
1666 2472 1831 2539 videt,
1861 2471 1949 2525 hic
1980 2475 2103 2539 post

516 2584 609 2624 sex
642 2569 758 2624 dies
802 2580 1115 2638 assumptus
1171 2583 1292 2624 esse
1339 2567 1649 2623 declaratur
1709 2580 1740 2618 a
1790 2561 1920 2618 Jesu
1955 2580 1968 2614 :
2001 2560 2094 2630 qui

515 2663 661 2718 enim
698 2662 796 2718 has
859 2677 1249 2732 supergressus
1298 2671 1401 2726 est,
1459 2660 1605 2714 videt
1636 2657 1823 2712 Jesum
1885 2652 2095 2709 nemini

515 2773 706 2812 eorum
737 2757 902 2833 983
937 2756 1028 2826 qui
1079 2754 1220 2812 infra
1270 2762 1419 2818 sunt,
1475 2751 1942 2821 transﬁguratum,
2007 2747 2100 2803 sed

516 2851 972 2905 transformatum
1002 2857 1128 2906 ante
1151 2864 1208 2903 se
1240 2865 1253 2901 :
1286 2855 1512 2919 apparet
1560 2845 1705 2900 enim
1733 2841 1970 2898 Verbum
2005 2857 2100 2896 va-

517 2946 629 3000 rias
655 2944 859 2998 habens
883 2941 1110 3005 formas,
1135 2941 1430 3010 unicuique
1455 2946 1617 3010 prout
1645 2952 1816 3006 capax
1843 2945 1924 2991 est
1945 2955 1956 2990 :
1979 2935 2104 2993 aliis

518 3035 736 3104 quidem
767 3049 874 3088 non
901 3033 1063 3087 habet
1095 3032 1353 3102 speciem,
1386 3046 1562 3100 neque
1597 3026 2055 3098 pulchritudinem
2085 3044 2098 3080 :

518 3124 641 3179 aliis
669 3123 978 3193 speciosum
1017 3130 1099 3176 est
1129 3120 1304 3175 forma
1339 3138 1352 3174 :
1393 3120 1460 3173 iis
1489 3118 1634 3173 enim
1661 3116 1756 3185 qui
1805 3131 1901 3186 per
1928 3114 2101 3170 subli-

521 3215 628 3268 mia
661 3228 827 3283 opera
861 3211 1183 3276 ascendunt,
1229 3219 1284 3266 et
1330 3225 1424 3280 per
1455 3209 1570 3278 ipsa
1594 3207 1660 3261 ad
1709 3205 1984 3260 excelsum
2013 3219 2102 3258 sa-

521 3306 738 3377 pientia:
770 3313 1009 3359 montem
1039 3302 1286 3367 veniunt,
1311 3299 1631 3369 simpliciter
1678 3296 2015 3368 intelligitur,
2046 3303 2100 3349 et

2203 2128 2382 2183 ποιμι,
2423 2111 2482 2164 ού
2545 2110 2720 2184 μάτην
2754 2109 2870 2180 μεθ’
2927 2109 2985 2174 ἒξ
3040 2108 3252 2180 ἡμέρας
3302 2109 3330 2160 ό
3381 2105 3609 2178 Μάρκος
3640 2103 3781 2158 καὶὸ

2199 2204 2476 2268 Ματθαῖός
2500 2221 2662 2273 φασιν
2688 2202 2932 2257 ἀνελθεῖν
2965 2202 3054 2254 τὸν
3097 2199 3304 2270 Ἰησοῦν
3333 2201 3411 2262 εἰς
3440 2198 3501 2250 τὸ
3527 2199 3654 2269 ὅρος
3687 2197 3778 2251 σὺν

2200 2299 2312 2359 τοῖς
2350 2295 2636 2366 μαθηταῖς·
2673 2294 2786 2348 ἀλλ’
2819 2295 2941 2347 ἐπεὶ
2966 2294 3022 2346 ἐν
3062 2291 3122 2358 ἐξ
3158 2291 3396 2364 ἡμέραις
3444 2290 3636 2362 τελείῳ
3664 2291 3774 2360 ἀρι-

2201 2385 2324 2458 θμῷ
2354 2389 2384 2440 ὁ
2434 2385 2656 2458 σύμπας
2689 2386 2892 2456 κόσμος
2947 2384 3258 2456 γεγένηται,
3287 2387 3315 2438 ὁ
3354 2383 3529 2436 πάντα
3587 2381 3654 2436 τὰ
3684 2378 3773 2440 τοῦ

2201 2480 2410 2551 κόσμου
2435 2479 2780 2550 ὑπερϐαίνων
2808 2479 3129 2549 πράγματα,
3161 2476 3374 2547 βλέπων
3403 2477 3460 2539 δὲ
3480 2476 3548 2530 τὰ
3574 2474 3774 2533 ἑστῶτα

2205 2571 2342 2644 μόνα
2373 2570 2467 2624 καὶ
2499 2569 2712 2636 αἰώνια,
2740 2564 2896 2634 οὗτος
2929 2570 3045 2642 μεθ’
3073 2568 3132 2636 ἒξ
3174 2568 3392 2640 ἡμέρας
3416 2566 3770 2638 παρειλῆφθαι

2201 2662 2456 2734 δηλοῦται
2485 2661 2563 2733 τῷ
2609 2661 2803 2732 Ἰησοῦ·
2839 2663 2867 2714 ὁ
2899 2661 3009 2733 γὰρ
3042 2661 3245 2723 ταύτας
3296 2659 3542 2730 ὑπερϐὰς
3597 2657 3769 2728 βλέπει

2201 2756 2292 2810 τὸν
2337 2754 2567 2827 Ἰησοῦν,
2606 2754 2697 2807 τὸν
2723 2754 2900 2815 οὐδενὶ
2917 2754 3023 2807 τῶν
3049 2755 3199 2807 κάτω
3247 2751 3766 2824 μεταμορφούμενον,

2206 2847 2705 2920 μεταμορφωθέντα
2752 2845 3057 2919 ἔμπροσθεν
3097 2845 3281 2907 αὐτοῦ.
3312 2845 3563 2898 Φαίνεται
3599 2843 3701 2913 γὰρ
3744 2842 3770 2893 ὁ

2204 2943 2376 3011 Λόγος
2409 2942 2695 3013 διατόρους
2753 2941 2891 3010 ἔχων
2949 2938 3182 3010 μορφὰς,
3237 2937 3451 3004 ἑκάστῳ
3490 2936 3563 2998 ὡς
3589 2934 3761 3004 χωρεῖ’

2202 3036 2316 3098 τοῖς
2354 3035 2450 3104 μὲν
2481 3035 2582 3088 οὐκ
2607 3033 2718 3104 ἔχει
2751 3029 2911 3096 εἶδος,
2966 3031 3085 3084 οὐδὲ
3117 3029 3332 3093 κάλλος,
3357 3032 3468 3092 τοῖς
3493 3029 3544 3081 δὲ
3571 3025 3762 3098 ὡραῖός

2205 3129 2322 3180 ἐστι
2345 3126 2550 3179 κάλλει’
2571 3128 2684 3187 τοῖς
2709 3126 2806 3196 μὲν
2836 3123 2943 3197 γὰρ
2975 3121 3322 3177 ἀναϐαίνουσι
3345 3120 3430 3174 διὰ
3459 3118 3560 3172 τῶν
3584 3120 3772 3170 ἐταναε

2205 3217 2514 3289 ϐεόηκότων
2560 3217 2758 3288 ἔργων,
2779 3216 2875 3270 xui.
2923 3215 2989 3268 δι’
3008 3213 3184 3267 αὐτῶν
3209 3213 3302 3264 ἐπὶ
3329 3211 3388 3264 τδ
3428 3210 3620 3280 ὑψηλὸν
3653 3208 3771 3278 ὅρος

2202 3305 2302 3374 τῆς
2355 3304 2546 3372 σοφίας
2607 3303 2943 3376 ἐρχομένοις,
3006 3301 3369 3372 ἁπλούστερον
3431 3302 3626 3352 νοεῖται
3687 3297 3772 3349 καὶ

520 3397 819 3453 secundum
877 3409 1102 3450 carnem
1159 3391 1555 3462 cognoscitur:
1613 3387 1866 3459 perfectis
1919 3393 2098 3454 autem

2205 3395 2348 3450 κατά
2388 3396 2566 3467 σάρκα
2607 3395 2952 3465 γινώσκεται·
2991 3397 3103 3458 τοῖς
3135 3394 3191 3447 δὲ
3235 3391 3456 3454 τελείοις
3509 3389 3767 3457 θεολογεῇ

522 3487 665 3543 Deus
704 3487 954 3549 habetur,
991 3492 1045 3538 et
1076 3483 1129 3537 in
1186 3481 1279 3537 Dei
1313 3481 1487 3537 forma
1525 3480 1825 3537 secundum
1881 3478 2100 3533 illorum

519 3581 885 3651 cognitionem
923 3576 1276 3646 conspicitur.
1327 3573 1655 3645 Resplendet
1688 3580 1870 3627 autem
1898 3580 1951 3626 et
1977 3570 2101 3625 vul-

523 3683 612 3728 tus
641 3671 762 3740 ejus
786 3670 928 3725 sicut
952 3668 1056 3734 sol,
1095 3666 1380 3722 ﬁliislucis
1413 3675 1466 3720 et
1490 3666 1596 3720 diei
1627 3663 1854 3734 iustitiae
1884 3664 1965 3720 sol
2007 3679 2104 3734 ap-

524 3779 739 3835 parens.
767 3761 870 3817 Sed
895 3771 948 3815 et
973 3760 1293 3815 vestimenta
1317 3759 1438 3828 ejus
1467 3758 1533 3812 iis
1565 3771 1702 3826 quos
1737 3756 1890 3810 duxit
1920 3755 1973 3809 in
2008 3770 2103 3809 ex-

521 3853 732 3909 celsum
767 3859 1030 3916 montem,
1071 3849 1319 3906 videntur
1343 3848 1462 3904 alba
1497 3848 1638 3902 sicut
1664 3846 1757 3903 lux
1787 3863 1800 3900 :
1829 3860 1951 3915 quae
1975 3843 2101 3913 qui-

525 3945 648 3998 dem
687 3952 814 3998 sunt
841 3957 1022 4006 voces,
1057 3949 1111 3994 et
1139 3955 1275 4009 quas
1308 3939 1487 3999 indui
1518 3936 1841 4006 evangelica:
1870 3937 2059 3990 litterae
2086 3953 2097 3988 :

523 4047 657 4106 puto
693 4045 871 4089 autem
904 4042 958 4087 et
983 4032 1352 4102 apostolorum
1400 4030 1597 4098 scripta
1634 4028 1928 4098 designari.
1964 4025 2102 4081 Cum

525 4141 658 4194 ergo
682 4125 882 4180 videris
911 4123 1222 4193 quempiam
1259 4123 1328 4177 de
1355 4120 1481 4175 Jesu
1535 4121 1817 4178 divinitate
1851 4131 2104 4175 accurate

527 4218 912 4279 disserentem,
948 4224 1002 4269 et
1061 4229 1279 4268 onmem
1339 4212 1751 4284 Evangeliorum
1809 4211 2101 4268 dictionem

527 4307 913 4370 elucidantem,
948 4320 1013 4358 ne
1039 4305 1256 4360 dubites
1289 4303 1381 4357 tali
1414 4303 1594 4358 dicere
1617 4302 1756 4357 facta
1790 4318 1912 4358 esse
1937 4302 2102 4358 vesti-

528 4405 712 4452 menta
741 4395 868 4451 lesu
898 4397 1018 4455 alba
1048 4396 1186 4450 sicut
1221 4398 1332 4448 lux.
1364 4392 1428 4446 Ei
1446 4394 1538 4464 qui
1570 4395 1648 4449 sic
1673 4393 1867 4448 viderit
1893 4391 2101 4454 Jesum,

529 4488 810 4557 conspicui
839 4499 1001 4542 erunt
1042 4488 1254 4559 Moyses
1287 4489 1393 4554 lex,
1455 4497 1508 4541 et
1553 4485 1699 4541 Elias
1753 4486 2105 4556 propheticus

530 4593 712 4632 sermo
742 4593 864 4633 cum
899 4575 1025 4632 Jcsu
1088 4579 1394 4647 loquentes.
1448 4576 1550 4642 Qui
1585 4576 1718 4630 vidit
1759 4575 1960 4646 Moysis
1990 4577 2104 4646 glo-

528 4669 688 4734 riam,
723 4678 778 4723 et
809 4668 1076 4728 intellexit
1133 4668 1432 4738 spiritalem
1463 4668 1632 4737 legem
1663 4683 1786 4721 cum
1836 4665 1962 4721 Jesn
1996 4683 2106 4721 ser-

527 4777 688 4816 mone
710 4771 1120 4827 consonantem,
1143 4771 1196 4817 et
1225 4762 1366 4831 apud
1393 4761 1682 4830 prephetas
1724 4761 2099 4815 absconditam

529 4853 581 4906 in
627 4854 885 4924 mysterio
929 4854 1273 4923 sapientiam,
1304 4854 1440 4908 vidit
1473 4853 1690 4924 Moysen
1734 4861 1789 4907 et
1834 4852 2004 4906 Eliam
2044 4855 2097 4908 in

529 4946 722 5015 gloria,
754 4945 974 5013 quando
997 4947 1130 5001 vidit
1161 4948 1283 5002 illos
1319 4962 1442 5001 cum
1472 4946 1620 5002 Jesn.
1675 4945 1766 5001 Sic
1811 4947 1957 5000 enim
1992 4946 2099 4999 Lu-

528 5052 662 5092 cas:
702 5035 770 5090 Et
824 5052 938 5090 ecce
990 5038 1094 5092 duo
1156 5039 1256 5092 viri
1311 5039 1657 5109 loquebantur
1706 5038 1965 5105 cumillo,
2007 5037 2099 5106 qui

2202 3505 2314 3552 ται,
2348 3488 2442 3542 καὶ
2469 3490 2526 3542 ἐν
2552 3491 2617 3559 τῇ
2643 3488 2736 3541 τοῦ
2767 3487 2900 3542 Θεοῦ
2945 3488 3124 3558 μορσῇ
3159 3483 3300 3538 κατά
3325 3483 3424 3554 τὴν
3448 3481 3644 3552 γνῶσιν
3677 3481 3768 3533 αύ-

2203 3579 2312 3632 τῶν
2337 3580 2643 3650 θεωρεῖται.
2701 3579 2923 3649 Λάμπει
2967 3579 3023 3632 δὲ
3055 3578 3151 3631 καὶ
3205 3576 3265 3628 τὸ
3301 3576 3590 3648 πρόσωπον
3617 3569 3767 3626 αὐτοῦ

2204 3673 2278 3736 ὡς
2304 3675 2332 3726 ό
2362 3673 2532 3744 ἥλιος,
2567 3676 2678 3736 τοῖς
2704 3673 2912 3736 τέκνοις
2947 3671 3125 3741 φωτὸς
3171 3670 3263 3724 καὶ
3311 3669 3546 3742 ἡμέρας,
3575 3668 3768 3720 δικαιοα

2207 3764 2372 3836 σύνης
2399 3767 2548 3836 ἥλιος
2581 3765 3008 3835 φανερούμενοςο
3049 3762 3183 3824 ἀλλά
3221 3763 3314 3815 καὶ
3355 3762 3424 3814 τά
3477 3760 3662 3830 ἱμάτια
3685 3757 3771 3810 αύ-

2202 3858 2296 3912 τοῦ
2330 3862 2440 3922 τοῖς
2465 3857 2772 3928 ἀναχθεῖσιν
2797 3859 2886 3911 ὑπ’
2908 3857 3072 3912 αὐτοῦ
3105 3859 3182 3920 είς
3210 3856 3270 3908 τὸ
3299 3853 3498 3923 ὑψηλὸν
3523 3853 3644 3924 δρός
3663 3850 3770 3918 φαί-

2204 3967 2352 4002 νεται
2393 3947 2561 4000 λευκά
2589 3947 2664 4010 ὡς
2687 3946 2748 3999 τὸ
2781 3945 2913 4015 φῶς·
2948 3947 3092 4016 άπερ
3116 3944 3262 3996 ἐστὶν
3289 3943 3345 3994 αἱ
3377 3941 3570 4004 λέξεις,
3607 3938 3694 3992 καὶ
3738 3938 3769 3987 ἀ

2203 4036 2490 4091 ἐνεδύσατο
2521 4036 2629 4089 τῶν
2683 4034 3030 4104 Εὑαγγελίων
3076 4033 3396 4105 γράμματα·
3429 4025 3584 4099 οἶμαι
3628 4028 3670 4080 δ’
3699 4029 3770 4083 ὅτι

2203 4130 2297 4184 xui.
2320 4129 2386 4182 τὰ
2418 4129 2526 4182 ἀπὸ
2556 4129 2653 4199 τῆς
2685 4127 2910 4200 Γραφῆς
2956 4126 3065 4181 τῶν
3112 4124 3420 4179 ἀποστόλων
3458 4121 3766 4191 δηλούμενα.

2216 4219 2387 4274 Ἐπάν
2415 4216 2508 4274 οὖν
2545 4220 2664 4291 ἴδῃς
2693 4219 2814 4272 τινὰ
2846 4217 2944 4290 τὴν
2979 4219 3106 4290 περὶ
3153 4216 3248 4270 τοῦ
3297 4214 3470 4285 Ἰησοῦ
3505 4209 3769 4278 θεολογίαν

2209 4309 2544 4382 ἀκριϐοῦντα
2567 4311 2661 4364 καὶ
2688 4310 2787 4382 τὴν
2813 4309 2958 4373 λέξιν
2977 4309 3084 4362 τῶν
3105 4305 3452 4376 Εὑαγγελίων
3474 4305 3655 4356 πᾶσαν
3686 4317 3770 4352 σα-

2206 4397 2518 4468 φηνίζοντα,
2554 4399 2628 4470 μὴ
2655 4397 2802 4452 ὄκνει
2827 4397 2904 4469 τῷ
2935 4397 3162 4466 τοιούτῳ
3213 4397 3442 4464 φάσκειν
3502 4391 3770 4462 γεγονέναι

2203 4488 2273 4542 τὰ
2309 4489 2500 4559 ἱμάτια
2530 4490 2626 4542 τοῦ
2668 4488 2842 4560 Ἰησοῦ
2874 4488 3042 4542 λευκὰ
3072 4489 3147 4552 ὡς
3171 4488 3230 4540 τὺ
3261 4486 3396 4557 φῶς.
3420 4485 3509 4555 Τῷ
3541 4485 3586 4537 δ’
3615 4482 3771 4543 οὕτως

2209 4581 2370 4634 ἰδόντι
2404 4581 2495 4634 τὸν
2534 4581 2741 4650 Ἰησοῦν
2770 4580 2984 4651 ὀφθεῖεν
3025 4581 3092 4636 ἂν
3139 4581 3380 4650 Μωῦσῆς
3407 4582 3434 4633 ὁ
3469 4579 3654 4649 νόμος·
3688 4574 3773 4629 καὶ

2221 4673 2404 4735 Ἠλίας
2435 4674 2463 4726 ὁ
2510 4673 2845 4744 προφητικὸς
2888 4672 3081 4741 λόγος,
3126 4671 3588 4742 κοινολογούμενοι
3649 4667 3775 4740 πρὸς

2206 4765 2295 4816 τὸν
2339 4764 2564 4834 Ἰησοῦν.
2631 4766 2688 4816 '0
2729 4763 2786 4816 δὲ
2833 4763 2957 4816 ἰδὼν
3005 4761 3104 4833 τὴν
3135 4763 3412 4826 Μωῦσέως
3463 4761 3645 4828 δόξαν,
3689 4757 3774 4811 καὶ

2204 4856 2403 4926 νοήσας
2453 4855 2545 4908 τὸν
2584 4855 2954 4926 πνευματικὸν
2996 4856 3158 4924 νόμον
3209 4853 3603 4925 συμφωνοῦντα
3651 4849 3775 4920 πρὸς

2202 4947 2294 5000 τὸν
2339 4946 2516 5018 Ἰησοῦ
2541 4947 2717 5017 λόγον,
2755 4947 2849 5004 καὶ
2881 4946 2979 5017 τὴν
3009 4947 3066 4998 ἐν
3107 4948 3218 5009 τοῖς
3260 4945 3565 5014 προφήταις
3595 4945 3652 4996 ἐν
3685 4959 3774 5010 μυ-

2205 5040 2415 5110 στηρίῳ
2438 5038 2827 5110 κεκρυμμένην
2851 5038 3061 5106 σοφίαν,
3077 5033 3180 5091 εἶδε
3203 5036 3444 5104 Μωῦσῆν
3470 5035 3565 5088 καὶ
3603 5033 3772 5087 Ἠλίαν

527 5140 680 5186 erant
712 5127 917 5198 Moyses
957 5140 1006 5183 et
1031 5129 1200 5198 Elius,
1227 5130 1317 5199 qui
1345 5132 1443 5184 visi
1483 5133 1536 5183 ir:
1558 5132 1834 5201 majestate
1860 5131 2098 5185 dicebant

2209 5134 2265 5184 ἐν
2286 5131 2432 5204 δόξῃ,
2459 5132 2549 5185 ὅτε
2573 5126 2710 5184 εἶδεν
2746 5131 2943 5196 αὐτοὺς
2974 5129 3110 5202 μετά
3136 5129 3228 5182 τοῦ
3272 5126 3465 5198 Ἰησοῦ.
3494 5127 3650 5180 υῦτω
3676 5124 3776 5194 γὰρ

527 5237 798 5275 excessum
843 5221 977 5290 ejus,
1029 5237 1181 5291 quem
1216 5223 1567 5293 comp/cturus
1615 5234 1725 5277 erat
1770 5223 1824 5274 in
1881 5221 2102 5276 Jerusa-

529 5313 630 5365 lem
657 5314 724 5378 ἰ,
758 5315 859 5369 hoc
887 5323 968 5368 est
995 5330 1210 5370 crucem
1238 5325 1291 5369 et
1318 5317 1626 5386 passionem
1661 5323 1926 5370 sanctam.

2208 5225 2237 5276 ὁ
2272 5225 2486 5288 Λουκᾶς
2511 5241 2695 5295 φησιν,
2726 5226 2806 5278 ὅτι
2855 5223 2965 5278 Καὶ
2995 5223 3122 5277 ἰδοὺ
3149 5221 3361 5288 ἄνδρες
3386 5220 3494 5275 δύο
3524 5213 3774 5273 συνελά-

2209 5319 2364 5369 λουν
2405 5314 2601 5381 αὐτῷ,
2657 5317 2874 5382 οἵτινες
2919 5313 3081 5385 ἦσαν
3113 5312 3375 5379 Μωῦσῆς
3415 5311 3517 5364 καὶ
3561 5309 3770 5370 Ἠλίας.

529 5406 585 5457 οἳ
624 5406 907 5474 ὀφθέντες
933 5408 1003 5459 ἐν
1038 5407 1190 5476 δόξῃ
1225 5409 1439 5480 ἔλεγον
1468 5408 1582 5478 τὴν
1625 5407 1841 5470 ἔξοδον
1898 5406 2107 5472 αὑτοῦ,
2151 5407 2221 5474 ἦν
2273 5409 2494 5477 ἔμελλε
2529 5407 2805 5476 πληροῦν
2847 5410 2917 5461 ἐν
2967 5403 3383 5474 Ἰερουσαλὴμ,
3417 5401 3658 5455 τουτέστι
3692 5395 3777 5448 τὸν.

531 5498 763 5568 σταυρὸν
796 5497 892 5551 καὶ
919 5499 980 5550 τὸ
1008 5499 1180 5561 πάθος
1202 5499 1264 5550 τὸ
1293 5500 1466 5567 ἅγιον.

600 5587 732 5653 Qua
761 5589 921 5658 igitur
949 5605 980 5644 e
1009 5589 1153 5644 nube
1199 5605 1302 5644 vox
1345 5591 1599 5660 erumpit,
1660 5590 1892 5652 fortasse
1932 5590 2104 5661 Moysi

597 5705 642 5736 ³³
675 5703 804 5756 Luc.
846 5722 936 5771 xv,
973 5706 1054 5760 16.
1131 5707 1176 5736 ’⁸
1207 5706 1338 5760 Luc.
1373 5723 1448 5769 ix,
1485 5708 1571 5768 '50,
1606 5709 1692 5762 51.

2290 5591 2355 5649 Ἡ
2385 5589 2564 5648 τοίνυν
2597 5591 2661 5642 ἐκ
2685 5588 2784 5660 τῆς
2819 5586 3046 5658 νεφέλης
3075 5583 3228 5664 φωνὴ
3261 5582 3402 5660 τάχα
3439 5581 3536 5660 μὲν
3562 5573 3774 5636 Numa}.
