4084 6302
535 375 667 430 1919

528 491 637 546 illis
666 490 754 559 qui
783 487 1019 559 extranei
1051 492 1174 559 sunt
1197 501 1227 535 a
1253 481 1472 559 _regibus
1508 488 1702 559 temne:
1737 478 2101 559 ergohﬁliint'i-

531 562 638 614 beri
667 549 809 622 sunt,
835 554 1264 626 quoniam_liberi
1295 549 1414 607 sunt
1441 552 1529 621 qui
1549 551 1814 626 Δρἳζὶηξνιηι
1844 550 1962 626 Dei.
1983 549 2102 602 Cla-

531 631 645 685 rius
669 620 804 683 mss.
833 620 1036 679 dicente
1069 623 1251 685 Petro,
1284 640 1383 675 non
1416 620 1586 674 arsuis
1612 621 1765 689 ﬁliis,
1798 620 1888 673 sed
1909 621 1973 673 ab
2011 634 2104 672 ex‘

530 700 750 753 traneis.
773 697 910 766 quod
939 694 1191 747 Dominus
1216 691 1567 766 dicitdeillis
1597 692 1689 760 qui
1718 691 2103 766 extraneisunt

530 787 563 823 a
597 758 801 835 regibus
835 776 989 818 terra:
1020 779 1038 816 :
1090 780 1221 835 ergo,
1254 761 1543 835 ﬁliiqliberi
1573 758 1717 823 sunt,
1752 758 2104 835 tale__aliquid

527 830 774 891 existima
813 837 1038 897 dictum,
1062 830 1313 904 qudniam
1340 831 1492 884 liberi
1529 840 1653 884 sunt
1696 830 1787 901 qui
1818 830 1937 899 ﬁlii
1979 839 2103 883 sunt

531 906 646 961 Dei.

602 976 727 1046 Pag.
757 975 881 1030 586.
916 986 965 1030 et
995 976 1071 1046 sic
1093 975 1147 1046 in
1178 987 1304 1046 agro
1327 970 1723 1025 consolationis.
1750 967 1881 1024 Mss.
1910 977 1959 1022 et
1993 968 2101 1022 sic-

529 1057 586 1101 ut
618 1048 671 1098 in
684 1044 830 1115 'agro
856 1044 1251 1115 consolationis.

601 1106 805 1170 lbidfet
830 1118 886 1169 in
916 1115 1068 1185 falsis
1092 1114 1244 1168 rebus
1280 1112 1434 1182 hujus
1460 1112 1598 1167 vitaz.
1631 1109 1761 1165 Mss.
1783 1118 1833 1163 et
1861 1112 1918 1162 in
1952 1106 2103 1174 falsis

532 1187 685 1241 rebus
709 1186 865 1253 hujus
886 1188 1026 1240 vim.

602 1256 732 1326 Pag.
766 1247 890 1309 388.
910 1254 1201 1326 secundum
1225 1252 1468 1326 quaedam
1519 1250 1730 1326 quidem
1773 1247 2105 1326 exemplaria

534 1331 589 1380 in
614 1317 732 1386 illd,
757 1325 1061 1379 accedentes
1086 1363 1101 1386 ,
1157 1317 1262 1378 etc.
1311 1324 1450 1391 Lege
1477 1362 1493 1383 ,
1534 1319 1818 1391 secundum
1860 1317 2105 1388 quasdam

528 1396 741 1465 quidem
772 1392 1221 1465 exemplariayln
1247 1394 1342 1465 illa
1373 1394 1519 1465 hora_
1541 1390 1863 1465 accedentes,
1890 1398 1994 1465 el_c.

601 1463 730 1534 Pag.
758 1465 883 1519 589.
913 1456 981 1518 ad
1016 1463 1408 1532 intelligendum
1440 1462 1775 1534 solutionem,
1805 1466 1910 1511 etc.
1941 1456 2102 1534 Lege,

530 1534 602 1586 ad
631 1528 1049 1606 intelligendam,
1073 1528 1206 1597 ctc.,
1235 1534 1463 1606 aliquem
1478 1547 1668 1606 eorum
1681 1530 1946 1581 doctorem
1978 1528 2067 1597 qui
2087 1566 2104 1591 ,

529 1612 635 1675 etc.
668 1600 1050 1675 Mssfaliquem
1074 1619 1251 1675 eorum
1274 1600 1548 1675 doctorum
1580 1600 1692 1669 qui,
1716 1608 1821 1675 e_t_c.

602 1673 731 1745 Pag.
762 1675 885 1745 590.
914 1665 989 1726 'Et
1014 1672 1151 1742 quod
1177 1673 1333 1745 multi
1358 1665 1718 1745 quiderm-etc.
1740 1668 1869 1721 Mss.
1896 1665 1959 1719 Et
1977 1683 2106 1736 quo-

534 1741 863 1797 niam'multi
885 1741 1114 1813 quidem,
1145 1752 1248 1813 etc.
1278 1741 1500 1803 Deinde,
1530 1743 1547 1792 i
1572 1741 1733 1813 vdicat
1771 1754 1956 1790 nomen
1986 1754 2105 1790 ma-

533 1816 621 1884 gni
647 1810 989 1884 positum'in,
1024 1824 1128 1866 etc.
1165 1812 1293 1884 Mss.
1323 1812 1634 1884 impositum
1661 1810 1738 1872 in,
1774 1817 1881 1884 etc.

604 1876 737 1937 Ibid.
768 1882 851 1935 Ex
882 1899 941 1935 eo
968 1876 1088 1951 ergo
1130 1882 1269 1952 quod
1319 1876 1407 1934 est
1425 1880 1753 1952 propositum
1801 1880 1855 1930 in
1905 1876 2104 1952 isaae.

533 1952 664 2022 Mss.
691 1954 917 2022 positum
955 1947 1071 2005 cum
1097 1947 1457 2003 additamenta
1474 1947 1704 2022 duplice,
1724 1949 1838 2022 lege
1884 1947 2105 2022 duplici.

603 2015 731 2104 Pag.
762 2022 991 2104 591⁸81
1016 2024 1221 2074 οηνιθνίε
1264 2015 1662 2104 infirmitatibus
1726 2015 2110 2104 unint‘rc‘nhmfle

531 2085 756 2145 ueteris.
796 2091 857 2143 Et
896 2093 949 2143 in
976 2101 1201 2158 tempore
1259 2085 1453 2142 mcrtui
1484 2091 1673 2157 putris,
1716 2095 1819 2141 etc.
1874 2085 1998 2158 Dele
2028 2088 2105 2141 in.

604 2160 733 2228 Png.
766 2161 890 2215 596.
916 2170 964 2213 et
995 2157 1148 2213 multi
1174 2169 1295 2214 sunt
1333 2160 1423 2229 qui
1454 2159 1637 2212 nolunt
1681 2173 1735 2210 se
1776 2157 2059 2210 humiliare
2089 2199 2104 2222 ,

529 2240 636 2286 etc.
669 2231 825 2301 Lege,
855 2231 1051 2286 volunt.

602 2301 732 2371 Png.
747 2297 890 2355 ‘597.
925 2310 1103 2353 utrum
1118 2315 1358 2371 puerum
1370 2298 1627 2371 Spiritum
1671 2305 1925 2371 sanctum
1940 2297 2107 2354 dicat.

532 2370 661 2427 Mss.
686 2368 872 2423 'utrum
894 2386 1111 2439 puerum
1139 2370 1289 2422 illum
1322 2368 1580 2437 Spiritum
1608 2378 1850 2439 sanctum
1873 2369 2038 2439 dicat.

599 2441 728 2512 Pag.
762 2436 902 2512 599.
926 2441 1116 2511 quibus
1133 2455 1209 2495 va:
1238 2457 1269 2493 a
1304 2436 1597 2493 scandulis.
1632 2436 1764 2492 Mss.
1793 2438 1982 2507 quibus
2035 2455 2112 2493 rce

529 2521 608 2565 est
630 2531 660 2564 a
685 2510 981 2565 scandulis.

604 2580 733 2651 Pag.
762 2582 885 2635 601.
918 2581 1106 2650 quibus
1129 2579 1304 2648 majus
1322 2596 1505 2651 υιιιρει·
1529 2593 1655 2649 quos
1679 2579 1957 2650 contingit.
1977 2578 2107 2634 Mss.

531 2653 721 2722 quibus
752 2651 922 2718 majus
950 2660 1027 2722 est
1053 2662 1281 2722 regem

608 2722 741 2777 Ibid.
767 2732 817 2775 et
852 2738 970 2791 qua:
998 2720 1410 2791 intelligeremus
1441 2722 1741 2774 timeremus
1767 2734 1786 2772 :
1821 2735 2108 2789 nunquam,

531 2802 637 2847 etc.
673 2791 801 2846 Mss.
829 2790 879 2844 et
907 2792 953 2844 si
973 2807 1092 2857 quae
1125 2790 1538 2860 intelligeremus
1579 2792 1882 2844 timeremus
1911 2832 1926 2855 ,
1984 2806 2115 2843 nun-

533 2878 714 2924 quam,
742 2872 845 2916 ete.

546 2880 555 2897 Γ
572 2880 624 2913 ΠΙ
815 2903 845 2915 ,.

546 2880 566 2932 Ι
609 2880 896 3001 έῗέ.ε6ἵ)5.
922 2933 1013 2985 sed
1035 2948 1110 2985 va-
1134 2948 1226 3000 per
1244 2947 1410 3002 quem
1426 2931 1661 3002 veniunt,
1689 2929 1926 2984 videlicet
1944 2930 2113 2982 homi-

533 3017 672 3072 nem,
697 3000 879 3056 statim
909 3003 1204 3072 subjnngit,
1236 3000 1340 3055 etc.
1368 3000 1494 3055 Mss.
1525 3001 1614 3052 sed
1638 3018 1713 3055 va:
1735 3015 1826 3068 per
1856 3015 2007 3069 quem
2029 3016 2112 3054 re-

534 3071 709 3134 niunt,
736 3073 872 3125 idem
893 3071 1129 3125 videlicet
1154 3073 1355 3124 homini
1376 3073 1557 3124 statim
1582 3072 1876 3139 subjungit,
1905 3080 2010 3123 etc.

600 3142 740 3222 Ibid.
777 3150 942 3195 totam
978 3141 1268 3195 Ecclesium
1296 3143 1474 3194 mittat
1525 3143 1578 3193 in
1613 3144 1916 3208 gehennam.
1950 3139 2109 3211 Lege,

539 3214 694 3265 mitti.

608 3280 736 3351 Pag.
766 3280 871 3335 604
920 3282 996 3335 sic
1021 3291 1070 3335 et
1097 3283 1208 3335 sine
1243 3280 1394 3335 oculo
1433 3279 1524 3347 qui
1551 3280 1809 3347 saleatur,
1835 3288 1943 3334 etc.
1977 3278 2109 3335 Mss.

535 3351 652 3418 quis
682 3351 942 3418 solvatur,
975 3361 1080 3406 etc.

610 3419 744 3475 Ibid.
777 3420 867 3473 sed
907 3422 1146 3475 omnibus
1177 3430 1398 3473 utamur
1443 3419 1613 3473 bonis.
1653 3417 1783 3475 Mss.
1817 3419 1907 3474 sed
1937 3421 2110 3474 muni-

537 3490 632 3545 bus
657 3499 874 3543 utamur
907 3492 961 3545 in
985 3492 1151 3544 bonis.

610 3559 740 3629 Pag.
773 3559 897 3613 605.
932 3560 1021 3615 Sic
1046 3560 1207 3614 audio
1237 3568 1287 3612 et
1326 3559 1560 3625 Christo,
1592 3567 1701 3614 etc.
1729 3559 1861 3616 Mss.
1900 3558 1991 3615 Sic
2016 3576 2115 3613 au-

536 3631 627 3686 dio
650 3640 698 3684 et
726 3631 778 3683 in
811 3630 1048 3693 Christo,
1080 3641 1189 3685 etc.

609 3700 737 3769 Pag.
768 3700 892 3755 607.
924 3716 1046 3755 mox
1071 3711 1126 3754 ut
1158 3702 1249 3770 qui
1279 3701 1438 3770 fuerit
1469 3708 1626 3754 natus
1649 3742 1664 3767 ,
1695 3710 1799 3756 etc.
1824 3700 1954 3757 Mss.
1990 3715 2113 3754 mox

537 3780 593 3826 ut
610 3772 735 3892 guis
760 3771 921 3839 fuerit
952 3782 1129 3852 natus.
1161 3781 1267 3824 etc.

654 3856 742 3892 ne.
781 3840 904 3892 tiltl.
943 3857 1034 3892 aut
1068 3841 1178 3892 [nec
1200 3843 1267 3892 ad

654 3856 742 3910 ag.
781 3840 904 3895 tiltl.
943 3842 1035 3910 qui
1068 3841 1178 3894 lucc
1200 3843 1268 3893 ad
1305 3840 1525 3892 minima
1565 3849 1768 3893 tantum
1816 3840 2111 3908 pertinere,

610 3857 742 3962 ruﬁ.
781 3857 904 3895 υιυ.
943 3857 1034 3910 qut
1068 3857 1178 3894 nwc
1200 3857 1267 3893 aa
1305 3857 1525 3892 mtnmta
1565 3857 1768 3893 Ulmum
1816 3857 2111 3908 pertinere,

535 3919 642 3965 etc.
676 3949 690 3963 .
730 3927 807 3965 ss.
834 3913 923 3981 qui
961 3912 1072 3965 hazc
1101 3911 1168 3962 ad
1198 3910 1417 3963 miniata
1465 3918 1674 3963 tantum
1704 3920 1917 3979 peccata
1951 3913 2115 3978 perti-

536 3995 677 4045 nere,
710 3990 814 4034 etc.

613 4049 742 4119 I’ag.
769 4049 893 4104 611.
916 4059 1085 4103 tamen
1106 4051 1273 4119 frater
1287 4050 1615 4119 nominetur.
1639 4052 1763 4106 Mss.
1785 4048 2110 4104 nominatur.

609 4117 742 4172 Ibid.
781 4128 898 4188 post
950 4117 1271 4189 agnitionem
1306 4120 1538 4175 testium.
1591 4118 1811 4173 Rectius
1842 4133 1971 4173 mss.
1998 4129 2115 4188 post

538 4189 886 4258 arguitionem
924 4191 1155 4243 testium.

613 4259 743 4327 Pag.
772 4260 896 4312 615.
923 4276 1032 4329 pm!
1059 4259 1169 4312 illis
1191 4261 1281 4328 qui
1314 4271 1393 4314 ter
1418 4268 1729 4329 arguerunt,
1760 4259 1875 4313 ideo
1895 4258 1979 4311 illi
1994 4258 2113 4329 qui-

537 4328 656 4400 dem
682 4331 759 4381 sic
785 4329 943 4400 discit.
976 4328 1137 4400 Lege,
1172 4328 1495 4400 arguerunt,
1514 4337 1588 4390 et,
1610 4328 1761 4383 dicit.

612 4399 741 4467 Pag.
776 4399 901 4469 616.
953 4400 1042 4451 sed
1059 4396 1254 4453 'etiam'
1282 4402 1335 4452 in
1366 4399 1474 4452 illis
1507 4400 1756 4452 schisma.
1806 4396 1947 4469 Lege
1974 4441 1990 4466 ,
2022 4399 2112 4453 sed

535 4479 650 4524 erat
678 4471 731 4522 in
760 4468 871 4521 illis
898 4470 1148 4522 schisma.

610 4539 736 4607 I’ag.
769 4539 894 4594 6l7.
930 4540 1175 4609 quoniam
1212 4538 1303 4591 ubi
1318 4555 1427 4609 non
1452 4539 1518 4591 sit
1547 4540 1610 4591 de
1636 4539 1779 4592 omni
1807 4556 1862 4592 re
1897 4554 2115 4592 consen-

537 4627 650 4673 sus,
685 4617 791 4663 etc.
835 4608 960 4663 Mss.
991 4609 1238 4679 quoniam
1269 4608 1356 4660 ubi
1391 4625 1490 4661 non
1520 4609 1602 4676 ﬁt,
1638 4618 1742 4679 etc.

616 4679 747 4733 Ibid.
781 4690 839 4730 ut
870 4680 925 4733 id
944 4677 1111 4748 ipsum
1133 4679 1342 4747 sapiant
1373 4679 1624 4732 membra.
1643 4677 1774 4733 Mss.
1804 4688 1861 4731 ut
1885 4679 2115 4748 idzpsum

539 4751 748 4817 sapiant
771 4750 823 4801 in
854 4750 1069 4803 invicem
1102 4750 1355 4803 membra.

614 4818 748 4873 Ibid.
780 4836 872 4889 per
905 4819 1067 4873 talem
1107 4819 1376 4873 castitatis
1407 4834 1735 4873 consensum.
1780 4817 1940 4888 Lege,
1987 4834 2113 4887 pro-

541 4900 658 4958 pter
682 4889 861 4953 talcm,
888 4898 996 4944 etc.

612 4958 740 5026 Pag.
776 4958 900 5012 618.
934 4959 1003 5011 ad
1055 4957 1397 5014 obediendum
1429 4958 1498 5016 ei.
1549 4957 1676 5013 Mss.
1716 4958 1785 5011 ad
1823 4958 2114 5012 obaudien-

538 5030 664 5081 dum
692 5029 759 5081 ei.
799 5026 903 5081 Sed
926 5027 1125 5082 rectior
1142 5030 1354 5083 videtur
1386 5040 1572 5083 nostra
1596 5030 1773 5083 lectio.

615 5097 747 5151 Ibid.
782 5107 831 5151 et
878 5098 1255 5152 commendavit
1299 5099 1462 5152 vitam
1505 5114 1657 5151 suam
1689 5097 1859 5152 carni.
1891 5097 2112 5153 Rectius

540 5183 670 5223 mss.
693 5168 1058 5222 commodavit.

608 5236 738 5307 Pag.
764 5236 887 5292 6I9.
923 5238 1173 5308 quoniam
1198 5248 1247 5291 et
1287 5237 1533 5293 Christus
1563 5238 1831 5307 confessus
1858 5246 1935 5291 est
1979 5238 2108 5306 ipse.

543 5307 676 5377 Mss.
717 5307 964 5377 quoniam
987 5317 1035 5361 et
1070 5308 1309 5363 Christus
1324 5310 1720 5377 ipseconsensus
1751 5318 1848 5361 est.

612 5376 744 5448 Pug.
777 5379 900 5431 620.
938 5378 1074 5448 Ergo
1108 5395 1169 5431 ne
1212 5376 1349 5448 forte
1374 5381 1532 5433 etiam
1557 5379 1666 5432 lure
1695 5378 1847 5432 verba
1875 5377 2065 5432 habent
2094 5419 2109 5443 ,

542 5457 646 5502 etc.
670 5447 833 5518 Lege,
862 5447 1109 5520 habeant.
1140 5449 1340 5503 Deinde
1371 5459 1493 5519 post
1528 5449 1641 5503 haec
1666 5449 1849 5520 verba,
1880 5466 1998 5520 qua:
2028 5449 2112 5501 di-

546 5528 738 5570 cuntur
763 5521 815 5569 in
850 5518 1035 5572 Genesi
1054 5558 1069 5584 ,
1101 5535 1235 5573 mss.
1262 5518 1465 5572 addunt
1494 5536 1507 5571 :
1564 5519 1755 5572 Audite
1799 5518 1951 5572 verba
1975 5536 2109 5583 mea,

550 5587 790 5639 mulieres
828 5587 1074 5652 Lamech,
1110 5592 1358 5658 quoniam
1387 5589 1555 5641 occidi
1582 5591 1751 5643 virum
1796 5591 1850 5641 in
1905 5590 2112 5641 vulnere

549 5670 681 5727 nfeo.
706 5669 753 5708 et
775 5658 1015 5725 juvenem
1064 5659 1117 5710 in
1153 5659 1313 5711 livore
1344 5676 1473 5715 meo.
1506 5661 1752 5727 quoniam
1780 5660 1966 5727 septies
1993 5660 2110 5711 vino

550 5724 783 5777 dirutum
813 5738 888 5797 est
921 5727 983 5777 de
1011 5727 1139 5780 Cum
1172 5730 1189 5797 (
1216 5731 1327 5795 lege
1352 5730 1486 5783 Cain
1506 5724 1555 5797 )i;
1595 5730 1658 5781 de
1684 5724 1908 5781 Lamech
1936 5741 2107 5781 autent

551 5796 895 5861 septttaqesies
924 5799 1128 5864 septies.
1164 5796 1423 5853 Numerus
1455 5814 1575 5867 ergo
1601 5814 1691 5854 sca:
1717 5798 1935 5865 videtur,
1969 5813 2070 5853 etc.

1709 354 1736 375 ⁹
1816 361 2052 417 VARUE
2088 359 2487 416 LECTIONES

3657 362 3682 416 Ι
3701 364 3820 416 9‘20

2279 477 2413 531 Ibid.
2440 478 2614 532 dicere
2638 489 2825 547 septies
2850 495 3084 548 peccare,
3142 479 3278 548 lege,
3309 479 3497 533 sexies.

2280 548 2413 602 Ibid.
2449 564 2560 601 esse
2582 565 2700 602 cum
2734 550 2790 601 in
2818 550 3252 603 minorinume—ro
3286 565 3389 602 nou
3424 550 3641 604 habenti
3674 566 3817 618 pec-

2206 630 2443 671 catorum
2478 619 2856 673 remissionem.
2886 619 3107 674 Rectius
3138 634 3271 672 mss.
3298 636 3408 673 esse
3436 636 3551 673 eum
3592 623 3647 672 in
3698 621 3815 671 mi—

2206 689 2323 740 nori
2378 704 2594 741 numero
2645 701 3017 758 peccatorum;
3052 689 3335 742 secundum
3390 691 3570 758 pejora
3608 699 3814 742 autem

2204 768 2439 838 peccatu,
2473 774 2584 811 esse
2609 775 2727 812 eum
2761 760 2813 813 in
2841 774 3058 812 numero
3086 775 3187 811 non
3208 758 3422 812 habenti
3449 772 3809 829 peccatorum

2206 843 2585 882 remissionem.

2277 897 2406 964 Pag.
2451 898 2574 950 621.
2607 915 2672 951 ea:
2710 899 2827 967 ipsa
2873 899 3199 951 dissensione
3226 897 3507 950 dictorum.
3556 897 3693 953 Mss.
3731 915 3808 952 ex

2205 968 2322 1037 ipsa
2349 968 2676 1022 discussione
2710 969 3004 1022 verborum.

2279 1037 2409 1108 Pag.
2462 1037 2587 1090 622.
2637 1038 2838 1109 homini
2866 1038 3001 1109 regi,
3030 1037 3133 1109 nisi
3191 1034 3365 1089 Filius
3409 1035 3521 1109 Dei.
3545 1038 3683 1109 ipse
3717 1051 3805 1092 est

2205 1108 2343 1180 e_nim
2364 1106 2586 1180 regnum
2640 1106 2937 1163 caelorumﬁ
2972 1106 3197 1180 Rectius
3229 1122 3362 1160 mss.
3412 1106 3613 1161 homini
3652 1112 3799 1180 regi.

2208 1176 2381 1248 Filius
2410 1176 2504 1248 Dei
2531 1179 2641 1248 ipse
2663 1187 2740 1231 est
2778 1194 2995 1248 regnum
3021 1178 3287 1248 caelorum.

2278 1247 2403 1316 [ηιμ.
2433 1246 2558 1301 625.
2589 1247 2732 1301 Nam
2767 1245 3062 1315 oportebat;
3095 1258 3199 1300 etc.
3252 1245 3381 1316 Mss.
3418 1245 3537 1299 Non
3581 1260 3803 1315 oporte-

2207 1317 2318 1439 gat,
2349 1315 2452 1371 etc.
2488 1315 2592 1372 Sed
2617 1318 2903 1389 legendum
2934 1318 3149 1371 videtur
3183 1334 3196 1369 :
3251 1315 3399 1369 Nunt
3442 1334 3546 1370 non
3578 1330 3801 1387 operte-

2240 1396 2316 1439 ut.
2340 1398 2444 1439 etc.

2240 1396 2316 1447 ut,
2340 1398 2444 1441 etc.

2278 1455 2414 1511 Ibid.
2444 1474 2560 1511 cum
2600 1467 2828 1521 centum,
2861 1467 2964 1513 etc.
2995 1457 3134 1529 Lege
3164 1457 3315 1526 jmta
3357 1471 3489 1509 mss.
3521 1460 3613 1527 qui
3663 1476 3799 1512 cen-

2209 1535 2339 1583 tum.
2365 1538 2561 1587 etc.,et
2582 1538 2728 1582 recte
2755 1529 2997 1597 quidem.

2280 1597 2408 1667 Pag.
2442 1598 2565 1652 62%.
2598 1596 2799 1667 grande
2819 1608 2895 1652 est
2927 1599 3065 1651 enint
3112 1607 3160 1651 et
3202 1598 3298 1649 hoc
3353 1606 3405 1649 et
3458 1596 3796 1657 Itonombile.

2209 1666 2334 1737 Leg.
2369 1666 2567 1737 grande
2588 1666 2663 1719 est
2695 1672 2832 1720 enim
2863 1669 3014 1721 homo
3047 1681 3116 1726 et.
3153 1680 3256 1723 etc.

2281 1736 2408 1810 Png.
2434 1738 2558 1810 650.
2591 1737 2853 1810 Est_enim
2880 1739 3154 1807 sapientia:
3178 1741 3273 1794 hoc
3308 1758 3455 1810 opus.
3511 1739 3644 1797 Mss.
3693 1740 3799 1795 Est

2210 1808 2347 1877 enim
2380 1809 2652 1876 sapientia:
2682 1807 2775 1860 Dei
2806 1808 2902 1861 hoc
2930 1826 3081 1877 opus.

2218 1946 2229 1957 ⁸
2285 1876 2418 1930 Ibid.
2453 1879 2831 1957 antcum_ipsa
2874 1881 3341 1936 consummatione.
3375 1881 3506 1938 Mss.
3549 1890 3643 1934 aut
3690 1880 3793 1935 sub

2211 1948 2327 2015 ipsa
2356 1948 2819 2001 consummatione.

2283 2016 2409 2083 [ηιμ.
2461 2017 2583 2070 631.
2631 2019 2727 2070 alii
2779 2028 2951 2071 autem
3001 2018 3254 2074 talentum
3298 2038 3483 2076 unum.
3515 2021 3647 2077 Mss.
3694 2022 3799 2075 alii

2211 2097 2386 2139 autem
2412 2088 2672 2140 commisit
2695 2104 2853 2140 unum
2884 2088 3160 2142 talentum.

2283 2156 2565 2227 P397632.
2617 2159 2772 2227 quasi
2801 2160 2973 2227 factus
3005 2159 3208 2212 debitor
3242 2161 3564 2215 talentorum
3596 2162 3797 2215 multo-

2213 2242 2351 2279 rum.
2551 2226 2704 2296 quasi
2734 2226 2906 2297 [actus
2926 2228 3129 2282 debitor
3153 2241 3227 2283 est
3254 2232 3571 2285 talentorum
3602 2232 3801 2285 multo-

2213 2312 2366 2372 νιιηι.Δ
2391 2296 2455 2351 Et
2495 2309 2644 2366 pater
2673 2296 2960 2352 multorum
2996 2309 3257 2355 natorum.
3295 2301 3425 2357 Mss.
3455 2313 3606 2372 pater
3653 2320 3796 2371 quo-

2212 2368 2453 2420 rumdam
2487 2377 2751 2420 natorum.

2286 2436 2417 2510 Pag.
2626 2438 2801 2510 videri
2845 2440 2899 2510 in
2950 2440 3367 2509 intelligibilibus
3418 2450 3641 2510 patrem.
3678 2451 3789 2497 etc.

2213 2505 2342 2561 Mss.
2372 2508 2975 2581 videriintelligibilibus
2991 2505 3333 2577 patrEm,etc.
3363 2505 3467 2566 Sed
3492 2513 3786 2581 legendum

2215 2592 2357 2648 reor,
2392 2578 2563 2631 videre
2583 2580 2637 2631 in
2659 2578 3077 2648 intelligibilibus
3110 2589 3333 2648 patrem,
3369 2591 3474 2636 etc.

2287 2644 2418 2701 Ibid.
2446 2663 2565 2717 qua:
2588 2664 2798 2701 sursum
2821 2644 2918 2713 est,
2957 2644 3119 2703 Pauli
3148 2660 3196 2704 et
3232 2653 3490 2714 omnium,
3509 2660 3618 2706 etc.
3654 2651 3786 2706 Mss.

2213 2732 2331 2798 qua;
2358 2734 2568 2771 sursum
2590 2728 2689 2783 est,
2709 2727 2885 2773 mater
2905 2730 2981 2774 est
3009 2720 3164 2774 Pauli
3210 2730 3259 2775 et
3288 2724 3544 2783 omnium,
3575 2730 3710 2787 ete.,
3734 2732 3795 2776 et

2216 2796 2436 2855 optime.

2289 2856 2423 2930 Ibid.
2460 2856 2825 2930 Unusquisque
2839 2876 2959 2930 ergo
2983 2860 3304 2925 habentium,
3323 2869 3429 2918 etc.
3451 2862 3579 2917 Mss.
3614 2861 3785 2916 Unus-

2215 2928 2436 3008 quisque
2461 2944 2583 3008 ergo
2617 2928 2831 3008 habens,
2856 2928 2974 3008 etc.

2277 2997 2421 3080 .Ibid.
2456 2998 2563 3080 Iste
2589 3015 2711 3069 ergo
2736 3001 2990 3055 dimissus
3015 3012 3115 3057 cst.
3144 3002 3271 3057 Mss.
3297 3001 3411 3055 Iste
3434 3019 3555 3074 ergo
3593 3004 3683 3073 qui
3706 3004 3793 3057 di-

2216 3078 2408 3121 missus
2442 3078 2541 3121 εει.

2280 3137 2408 3207 Pag.
2437 3138 2562 3192 658.
2600 3136 2769 3192 Habet
2791 3148 2965 3194 autem
2998 3140 3311 3195 llebraicum
3341 3142 3417 3195 ita
3444 3157 3463 3194 :
3497 3142 3651 3206 Esse,
3683 3152 3792 3197 etc.

2214 3206 2344 3281 Mss.
2366 3206 2511 3281 issu,
2528 3217 2632 3262 etc.
2645 3210 2709 3263 Et
2726 3208 2882 3281 :Item
2905 3214 3039 3276 vira,
3060 3213 3286 3281 quodest
3302 3230 3331 3265 a
3346 3214 3477 3267 viro.
3500 3213 3627 3266 Mss.
3652 3212 3796 3265 Item

2217 3276 2332 3342 Εἰς,
2372 3279 2607 3351 quodest
2633 3296 2665 3330 a
2702 3280 2833 3333 viro.
2869 3276 3113 3334 Dein‘le':
3163 3280 3317 3335 Vides
3361 3284 3620 3351 quomodo
3656 3283 3794 3351 inn—-

2214 3358 2357 3424 etum
2380 3358 2525 3401 est...
2550 3347 2778 3424 juxta...
2806 3351 2864 3402 id
2895 3359 2994 3424 es_t,
3022 3360 3133 3424 etc.
3165 3351 3293 3406 Mss.
3339 3347 3493 3407 Vides
3521 3347 3790 3424 quomodo

2205 3417 2449 3489 junctum
2485 3430 2561 3489 est
2590 3417 2710 3472 Issa
2730 3420 2893 3489 juxta
2924 3419 3049 3489 Eic,
3077 3420 3133 3473 id
3156 3432 3254 3486 est,
3288 3433 3397 3477 etc.

2284 3486 2411 3563 Ptlg.
2439 3488 2580 3563 6&0;
2602 3486 3229 3563 quos'Deusuconjunscit.
3286 3491 3414 3546 Mss.
3463 3493 3599 3563 quod
3650 3493 3793 3544 Deus

2215 3558 2510 3625 conjunxit.
2544 3558 2677 3623 Quze
2716 3561 2877 3613 verba
2900 3558 3094 3616 litteris
3118 3562 3313 3616 italicis
3332 3558 3793 3618 sunt'scribenda.

2287 3626 2419 3697 Pag.
2456 3627 2583 3682 646.
2611 3639 2826 3697 propter
2854 3631 3110 3684 duritiam
3138 3634 3312 3685 cordis
3344 3634 3504 3687 vestri
3537 3633 3669 3685 data
3717 3641 3794 3685 est

2214 3696 2301 3750 lex
2335 3696 2533 3771 dicens.
2591 3696 2721 3771 Mss.
2750 3711 2962 3771 propter
2989 3702 3249 3755 duritiam
3274 3703 3445 3756 cordis
3471 3705 3642 3756 nostri
3662 3703 3794 3755 datu

2214 3778 2291 3820 est
2323 3768 2467 3822 nobis
2496 3768 2578 3820 lca:
2606 3770 2806 3823 dicens.

2294 3840 2418 3907 l'ag.
2443 3838 2575 3910 647.
2626 3839 2751 3910 scio
2783 3841 2920 3893 enim
2972 3841 3227 3910 quosdam
3271 3842 3367 3910 qui
3387 3852 3636 3909 primunt.
3659 3838 3792 3895 Mss.

2218 3908 2343 3979 Scio
2367 3908 2504 3961 enim
2527 3909 2779 3979 quosdam
2816 3908 2995 3962 eorum
3026 3912 3118 3976 qui
3143 3908 3398 3979 prrcsunt.

2290 3976 2422 4032 Ibid.
2448 3987 2496 4030 et
2536 3978 2699 4031 aliam
2732 3981 2979 4042 duxerit,
3028 3976 3336 4035 ntwchatur.
3387 3980 3515 4034 Mss.
3546 3979 3788 4044 adduint,

2216 4060 2262 4102 et
2295 4047 2570 4100 dimissam
2601 4047 2840 4110 duxeris,
2870 4051 3178 4104 mwchatur.

2286 4116 2416 4186 Pag.
2451 4118 2883 4189 6495peccatum
2933 4136 3043 4174 esse
3086 4122 3138 4173 in
3179 4118 3424 4173 Domino.
3450 4119 3577 4175 Mss.
3603 4136 3793 4189 pecca-

2220 4198 2327 4241 tum
2353 4204 2466 4241 esse
2492 4189 2545 4239 in
2580 4187 2762 4241 Deum.

2293 4257 2421 4329 Pag.
2616 4257 2799 4329 Omnis
2826 4259 2915 4328 qui
2946 4259 3098 4327 petit,
3127 4260 3342 4329 accipit.
3378 4259 3506 4324 Quis
3542 4271 3615 4313 est
3664 4276 3789 4328 ergo

2219 4328 2309 4398 qui
2332 4329 2459 4401 petit
2485 4328 2510 4379 .9
2532 4326 2660 4401 Mss.
2699 4326 2883 4381 Omnis
2916 4326 3006 4401 qui
3039 4333 3189 4398 petit,
3237 4326 3453 4401 accipit.
3489 4329 3644 4401 Facti
3685 4326 3788 4381 au-

2222 4397 2325 4451 tem
2349 4398 2403 4450 in
2428 4397 2542 4449 loco
2572 4397 2810 4469 dicamus
2849 4397 3097 4467 quoniam
3157 4417 3305 4453 nemo
3344 4397 3522 4453 eorum
3551 4400 3639 4469 qui
3681 4416 3789 4451 non

2222 4467 2865 4589 acceperunt,fetierunt,
2899 4478 2947 4521 et
2976 4471 3023 4521 si
3053 4470 3331 4523 rideantur
3377 4467 3571 4539 petisse
3591 4512 3605 4532 ,
3661 4485 3703 4538 qi,
3732 4470 3788 4521 ia

2222 4554 2323 4589 non
2349 4546 2425 4589 est
2453 4538 2534 4589 las
2601 4538 2731 4588 icere
2763 4541 3060 4589 mendacem
3091 4556 3201 4589 esse
3222 4540 3449 4589 auidem.
3481 4540 3666 4589 Omnis
3695 4540 3788 4589 aui

2222 4554 2323 4610 non
2349 4546 2425 4590 est
2451 4538 2534 4610 [as
2562 4538 2745 4610 dicere
2763 4541 3060 4591 mendacem
3091 4556 3201 4592 esse
3222 4538 3449 4610 quidem.
3481 4540 3666 4594 Omnis
3695 4540 3790 4609 qui

2214 4609 2365 4679 petit,
2399 4604 2771 4679 accipit.‘Qttis
2809 4617 2884 4660 est
2924 4624 3045 4678 ergo
3065 4610 3153 4679 qui
3180 4604 3350 4677 perit?
3379 4619 3483 4661 etc.
3707 4604 3740 4609 ”

2288 4676 2419 4747 Png.
2449 4677 2574 4730 65L
2607 4675 2791 4729 Omnis
2821 4679 2959 4729 enim
2984 4675 3097 4747 'qu’t
3145 4675 3358 4747 quierit,
3390 4679 3580 4731 inrcnil
3607 4718 3622 4739 ,
3676 4687 3791 4733 etr.

2215 4746 2345 4801 Mss.
2375 4745 2570 4800 Omnis
2606 4747 2745 4799 enim
2770 4748 2860 4815 qui
2893 4745 3043 4816 petit,
3075 4745 3286 4818 accipit,
3327 4758 3375 4801 et
3413 4750 3501 4818 qui
3552 4749 3784 4816 quierit,

2214 4819 2429 4881 iurenit,
2462 4826 2566 4870 etc.

2287 4885 2582 4958 153.652.
2624 4886 2691 4941 Et
2721 4889 2881 4956 primi
2915 4888 3123 4956 quidem
3153 4888 3287 4958 facti
3318 4897 3439 4940 sunt
3475 4897 3786 4952 amatores,

2215 4970 2319 5012 etc.
2352 4957 2496 5019 Dele,
2516 4967 2657 5009 sunt.

2285 5026 2414 5094 Pag.
2451 5027 2573 5081 65-3.
2604 5029 2678 5081 sic
2707 5028 2903 5081 decebit
2935 5027 3081 5082 odire
3114 5042 3290 5081 omnes
3317 5067 3332 5094 ,
3383 5034 3488 5081 etc.
3532 5023 3661 5079 Mss.
3704 5026 3787 5078 sic

2214 5096 2416 5151 docebit
2446 5097 2591 5150 odire
2619 5114 2818 5160 omnes,
2841 5106 2946 5151 etc.

2282 5167 2410 5235 Pag.
2442 5166 2566 5221 655.
2598 5179 2646 5221 et
2675 5170 2739 5221 de
2774 5166 2940 5220 tribus
2958 5160 3787 5223 istiseunuchizationibus.Mss.

2216 5241 2474 5290 omittunt
2493 5238 2628 5291 istis.

2288 5307 2415 5377 Pag.
2448 5306 2570 5377 656.
2590 5305 3038 5375 sicutApostolus.
3064 5304 3194 5361 M'ss.
3222 5306 3448 5359 sicutait
3481 5303 3785 5377 dpostolus.

2288 5374 2571 5447 Ριιᾲηϋό8.
2606 5378 2758 5447 quasi
2781 5374 3073 5444 depositum
3101 5379 3391 5447 suscipiens
3422 5393 3455 5427 a
3484 5374 3607 5428 Deo.
3649 5374 3783 5431 Mss.

2215 5445 2689 5518 quasidepositum
2716 5449 3003 5518 suscipiens
3032 5463 3117 5499 eos
3154 5464 3185 5499 a
3218 5445 3342 5499 Deo.

2289 5513 2722 5571 Ibid.l"uerorum
2753 5513 2925 5570 autem
2954 5516 3236 5581 iustorum,
3258 5525 3364 5570 etc;
3399 5514 3528 5569 Mss.
3581 5513 3783 5567 Puero-

2217 5603 2331 5639 rum
2367 5595 2541 5640 autent
2564 5590 2808 5648 istorum,
2845 5598 2942 5641 elc.

2287 5658 2421 5710 Ibid.
2449 5659 2669 5726 percipit
2697 5658 2924 5717 laudem.
2954 5664 3016 5726 ut
3044 5664 3404 5723 cognoscentes
3434 5654 3545 5707 alia
3588 5653 3787 5726 be:re_/i~

2215 5728 2317 5849 Eia,
2344 5724 2462 5849 lete.
2496 5724 2625 5781 Mss.
2659 5729 2855 5801 perficit
2891 5725 3120 5789 laudent,
3148 5734 3201 5776 ut
3235 5738 3603 5794 cognoscentes
3653 5724 3786 5777 talia

2249 5814 2337 5849 (ἠδ)
2361 5814 2485 5849 tcta.
2510 5808 2612 5849 etc.

2249 5797 2485 5857 errelicia.
2510 5808 2612 5852 ctc.
