4084 6302
380 336 526 391 1925

459 454 585 524 Pag.
621 454 743 509 772.
785 452 845 507 In
890 453 982 507 i'lo
1014 463 1261 524 tempore,
1307 453 1444 506 dixit
1482 452 1659 524 .lesu_s_
1682 453 1960 523 discipulis

384 526 498 577 suis
523 522 834 588 parabolam
880 526 1015 582 hanc
1040 539 1058 576 :
1086 522 1256 576 Homo
1291 532 1427 588 crat,
1467 533 1572 578 etc.
1615 522 1745 579 Mss.
1783 522 1961 579 Aliam

380 593 692 663 parabolam
722 596 901 647 audite
924 609 943 646 :
977 593 1143 647 llomo
1160 601 1293 656 erat,
1322 603 1427 648 etc.

462 665 591 719 Ibid.
624 665 755 718 satis
800 664 1079 733 manifesta
1123 663 1384 718 videntur.
1438 662 1569 719 Mss.
1617 666 1751 720 satis
1791 666 1963 721 mani-

387 735 521 803 festa
549 734 769 789 videtur.

462 805 594 857 Ibid.
628 803 907 877 nequando
924 813 1117 877 postea
1146 802 1416 865 similiter,
1456 812 1562 859 etc.
1598 803 1726 861 Mss.
1769 823 1961 877 nequa-

388 891 544 943 quam
573 885 754 941 postea
789 874 1056 936 similiter,
1090 886 1195 926 etc.

462 944 594 997 Ibid.
633 944 1004 1012 prophetarum
1039 943 1358 1013 exigendum
1384 960 1415 996 a
1448 944 1670 1009 colonis,
1698 957 1800 1002 etc.
1830 947 1958 1005 Mss.

385 1016 755 1081 prophetarum
783 1014 1098 1082 exigendum
1133 1014 1337 1082 fructus
1364 1030 1396 1065 a
1425 1013 1647 1080 colonis,
1679 1026 1783 1070 etc.

459 1083 590 1137 Ibid.
625 1084 1028 1149 injuriaverunt,
1055 1084 1308 1136 credentes
1332 1085 1609 1151 quosdam.
1642 1095 1690 1138 et
1725 1089 1965 1142 occiden-

388 1163 484 1228 tes,
517 1163 601 1206 etc
648 1153 867 1206 Rectius
902 1169 1032 1228 mss.
1071 1153 1460 1222 injuriaverunt
1497 1157 1772 1221 cadentes,
1802 1175 1963 1228 quos-

386 1223 508 1274 dam
540 1236 713 1276 autem
743 1232 791 1275 et
823 1222 1138 1285 occidentes,
1161 1233 1268 1277 etc.

463 1291 595 1345 Ibid.
643 1303 870 1361 tempore
899 1292 1289 1362 prophetarum,
1318 1300 1422 1346 etc.
1451 1291 1578 1348 Mss.
1613 1302 1813 1366 tempus
1836 1314 1961 1368 pro-

387 1362 686 1429 phetarum.
717 1371 845 1424 etc.,
871 1371 926 1416 et
950 1372 1114 1417 recte.

424 1501 435 1512 _
459 1431 589 1502 Pag.
629 1431 753 1487 775.
791 1432 995 1501 fructus
1026 1449 1168 1493 suos.
1199 1430 1329 1487 Mss.
1382 1433 1439 1488 S.
1474 1435 1731 1508 Remigii,
1757 1438 1964 1507 fructus

388 1517 518 1554 eius.

406 1519 586 1641 μέλε.
621 1572 743 1627 774.
777 1570 1130 1643 Morigeratus
1157 1582 1233 1626 est
1260 1572 1535 1643 Dominus,
1559 1585 1661 1632 ctc.
1690 1577 1821 1635 Mss.
1850 1579 1966 1633 Μο-

390 1642 650 1711 rigeratus
671 1652 752 1697 est
781 1652 829 1696 te
854 1642 1136 1702 Dominus.
1158 1655 1263 1699 etc.

462 1710 588 1779 ng.
625 1711 744 1782 7‘76.
773 1721 829 1765 ut
856 1713 1032 1766 videns
1062 1713 1392 1782 differentias
1420 1715 1678 1769 similium
1712 1716 1781 1771 ad
1812 1720 1964 1772 sinti-

387 1781 481 1845 lia,
499 1792 611 1900 tl'tc.
646 1780 775 1838 Mss.
806 1793 864 1835 ut
888 1783 1065 1837 videns
1095 1780 1423 1852 differentias
1458 1786 1716 1840 similium
1754 1790 1824 1842 ad
1850 1791 1961 1843 dis-

387 1867 506 1900 smtt
536 1856 607 1900 ia-
633 1861 741 1900 etc.

387 1854 609 1917 similia,
633 1861 741 1906 etc.

461 1921 596 1997 Pag.
636 1921 759 1976 778.
802 1922 1004 1997 vineam
1049 1923 1315 1997 possimus
1361 1924 1534 1997 dicere
1579 1926 1787 1997 eloquia
1847 1928 1960 1983 Dei.

389 1991 531 2065 Mss.
551 1995 748 2065 niueam
777 1991 1242 2065 possimus'dicere
1269 1995 1448 2065 omnia
1467 1991 1683 2065 eloquia
1707 1998 1821 2052 Dei.

461 2062 593 2115 Ibid.
634 2062 798 2140 vitam
841 2062 1609 2140 reprehensibilemhominum
1634 2106 1648 2128 ,
1681 2078 1786 2122 etc.
1825 2068 1965 2140 Lege

385 2131 534 2201 juxta
575 2147 706 2187 mss.
732 2133 891 2186 vitam
915 2132 1419 2199 irreprehensibilem
1441 2133 1731 2200 luminum,
1755 2151 1857 2193 etc.

386 2201 686 2324 El.;i.t.lin
718 2218 778 2256 eo
825 2204 940 2256 loco
990 2202 1282 2274 Evangelii.
1330 2201 1462 2258 Mss.
1510 2208 1565 2259 in
1615 2207 1795 2279 aliquo
1844 2210 1959 2264 loco

439 2287 596 2324 ranae
619 2287 678 2324 ιι.

439 2287 678 2325 ranaem.

456 2288 532 2323 'an
569 2288 678 2325 em.

456 2288 583 2410 Ρειὲ.
624 2340 747 2395 779.
795 2343 844 2395 si
885 2343 1024 2396 enim
1065 2359 1168 2396 non
1212 2341 1553 2409 wdi/icaverit
1602 2348 1651 2400 ei
1691 2365 1959 2406 coronam.

386 2410 517 2482 Mss.
546 2409 609 2482 δε
639 2411 911 2482 enimnon
938 2412 1434 2482 superadifieaverit
1456 2414 1504 2466 ei
1533 2431 1795 2472 coronam.

456 2472 589 2536 Ibid.
613 2491 667 2560 et
681 2480 944 2559 profectus
967 2472 1045 2536 cit
1072 2484 1141 2537 ad
1162 2472 1315 2560 suam
1336 2483 1731 2560 profectionem.
1756 2487 1964 2560 Legen-

384 2552 514 2633 dum
542 2559 626 2605 est
646 2550 803 2618 juxta
830 2556 962 2607 tusis.
988 2563 1039 2607 et
1063 2553 1331 2622 profectus
1359 2550 1441 2605 est
1471 2555 1540 2607 ad
1569 2574 1719 2611 suam
1751 2550 1962 2630 prospe-

383 2633 624 2675 cltonem.

456 2690 581 2770 Ibid.
636 2688 797 2770 Sicut
836 2708 958 2770 ergo
1116 2694 1281 2749 vineis
1341 2699 1692 2770 est_al.’quod
1758 2709 1960 2770 tempus

383 2762 593 2841 quando
626 2762 945 2841 principium
988 2764 1224 2834 fructus,
1260 2775 1365 2841 etc.
1403 2766 1532 2841 Mss.
1564 2762 1724 2841 'Sicut
1756 2762 1876 2841 ergo
1906 2774 1962 2826 in

384 2829 652 2909 uineisest
681 2829 900 2909 aliquod
927 2829 1129 2909 tempus
1162 2837 1376 2904 quando
1419 2838 1684 2905 pullulant
1724 2829 1958 2909 furiales,

381 2902 593 2973 quando
613 2903 939 2973 principium
965 2902 1194 2973 fructus.
1217 2917 1322 2962 etc.

454 2970 584 3046 Pag.
612 2970 735 3026 780.
776 2971 842 3025 In
869 2970 1110 3030 omnibus
1141 2977 1340 3046 itaque,
1383 2988 1489 3034 etc.
1530 2979 1659 3036 Mss.
1696 2978 1760 3032 In
1790 2981 1960 3035 homi-

385 3041 535 3095 nibus
563 3042 765 3110 itaque,
787 3052 891 3098 etc.

456 3112 587 3191 Ibid.
613 3120 813 3191 tempus
843 3121 921 3166 est
950 3116 1324 3191 generationis.
1355 3117 1486 3174 Mss.
1517 3131 1718 3188 tempus
1759 3131 1837 3175 est
1868 3138 1958 3191 ge-

383 3180 922 3257 minationis.(Forte
951 3180 1347 3257 germinationts
1376 3191 1393 3257 )

456 3250 778 3331 Ibidrquasi
810 3269 901 3320 per
933 3250 1168 3325 aliquam
1201 3250 1507 3324 uiam,'ctc.
1534 3256 1659 3314 Mss.
1690 3262 1843 3330 quasi
1869 3278 1961 3331 per

381 3320 547 3375 aliam
580 3320 741 3389 viam,
762 3331 869 3376 etc.

452 3393 590 3447 Ibid.
622 3391 718 3445 Est
748 3403 928 3465 autem
951 3402 1001 3447 et
1033 3405 1152 3464 post
1191 3396 1482 3465 perfectum
1502 3439 1517 3464 ,
1550 3407 1656 3452 etc.
1697 3397 1828 3455 Mss.
1862 3399 1957 3456 Est

379 3472 555 3516 autem
584 3481 631 3522 ει
652 3471 770 3532 post
804 3463 1117 3532 profectum,
1147 3476 1253 3519 etc.

452 3533 587 3607 Ibid.
614 3531 663 3607 et
685 3532 949 3607 studiosos
971 3531 1250 3607 botriones,
1269 3533 1503 3607 diversos
1523 3544 1681 3607 atque
1702 3539 1960 3607 perfectos

381 3600 688 3671 charitatis,
714 3607 820 3653 etc.
854 3599 992 3671 Mss.
1015 3611 1064 3653 et
1090 3602 1362 3671 studiosos
1407 3599 1960 3671 botriones,'diuersas

379 3679 536 3790 atque
566 3668 823 3792 perget“
845 3669 1145 3734 charitatis,
1175 3679 1282 3753 etc.

474 3740 580 3792 ’aa.
621 3737 648 3788 7
728 3777 742 3791 .
782 3737 1014 3792 Econtra
1041 3740 1137 3792 hoe
1170 3739 1282 3792 alta

474 3737 580 3810 ἀς.
621 3737 742 3792 783.
782 3737 1014 3811 Econtra
1041 3740 1137 3811 hoc
1170 3739 1365 3811 aliquis
1412 3741 1587 3796 dicit:
1615 3743 1844 3808 Quando
1882 3746 1958 3799 lo—

378 3808 691 3885 quebantur,
740 3818 860 3885 etc.
892 3808 1022 3885 Mss.
1079 3809 1149 3885 _Et
1182 3808 1368 3866 contra
1414 3813 1512 3866 hoc
1562 3815 1758 3885 aliquis
1801 3815 1956 3882 dicit,

376 3879 649 3949 quoniam,
681 3880 894 3948 quando
919 3880 1286 3949 loquebantur,
1313 3891 1420 3939 etc.

453 3948 583 4003 Ibid.
618 3964 769 4002 nemo
802 3951 901 4002 scit
928 3948 1065 4005 unde
1096 3951 1186 4005 sit.
1225 3950 1357 4009 Mss.
1385 3969 1535 4008 nemo
1561 3956 1658 4008 scit
1687 3955 1824 4008 unde
1855 3963 1955 4010 est.

452 4017 581 4095 Peg.
619 4017 740 4072 786.
780 4020 872 4095 qui
906 4029 957 4095 _et
990 4021 1209 4076 evellent
1243 4023 1310 4076 ab
1340 4024 1447 4092 eis,
1478 4033 1584 4079 etc.
1620 4023 1750 4079 Mss.
1791 4027 1882 4095 qui
1911 4036 1957 4080 et

378 4089 608 4143 avellant
633 4103 751 4141 eum
778 4088 843 4141 ab
868 4092 966 4151 eis,
997 4100 1101 4147 etc.

452 4158 581 4227 Pag.
610 4156 731 4213 787.
760 4167 810 4212 et
834 4160 1046 4217 subiens
1070 4160 1183 4216 ibat
1212 4163 1265 4217 in
1297 4163 1582 4218 civitatem.
1610 4161 1739 4220 Mss.
1772 4163 1830 4220 S.
1861 4162 1960 4220 Re-

381 4229 601 4299 migii,“
626 4228 816 4283 ardens
839 4230 949 4285 ibat
992 4231 1048 4285 in
1072 4232 1358 4297 civitatem,
1387 4242 1494 4289 etc.

447 4301 577 4381 I’ag.
612 4299 734 4381 790.
756 4300 848 4381 qui
875 4312 1109 4381 prtesunt
1127 4303 1312 4381 inique
1330 4303 1576 4381 udaicis
1605 4305 1791 4359 turbis.
1816 4303 1950 4362 Mss.

374 4373 464 4441 qui
499 4370 733 4441 praesunt
757 4370 941 4441 inique
973 4370 1424 4428 Iudaicis'eerbis.

449 4438 767 4514 Ibid_qu_asi
795 4438 997 4497 scribae
1040 4453 1231 4509 essent,
1263 4444 1657 4514 antiquitatem,
1684 4454 1788 4502 etc.
1818 4444 1947 4501 Mss.

374 4512 528 4582 quasi
561 4509 762 4582 Scribat
783 4520 833 4563 et
866 4514 1256 4582 antiquitatem,
1276 4522 1382 4568 etc.

446 4579 575 4663 P95.
621 4579 744 4663 791.
781 4579 1119 4663 aspiciant,”
1146 4583 1287 4663 ideo,
1317 4584 1613 4649 moraliter,
1665 4595 1770 4641 etc.
1820 4582 1950 4641 Mss.

376 4650 662 4721 aspiciunt,
693 4660 745 4721 et
760 4650 890 4721 ideo
922 4653 1219 4718 moraliter,
1244 4662 1347 4708 etc.

447 4721 581 4795 Ibid.
612 4721 679 4776 In
705 4719 808 4795 ill_o_
833 4730 1081 4795 tempore,
1117 4725 1256 4777 dixit
1295 4723 1452 4795 Iesus
1488 4723 1764 4795 discipulis
1799 4727 1908 4780 suis
1931 4744 1952 4782 :

377 4790 584 4854 Simile,
610 4800 715 4862 etc.
758 4788 890 4862 Mss.
929 4788 998 4848 Et
1036 4795 1349 4862 respondens
1390 4794 1547 4849 Iesus
1582 4788 1777 4850 iterum
1814 4798 1952 4851 dixit

375 4878 449 4915 ets
483 4863 538 4915 in
562 4859 829 4931 parabolis
861 4862 1041 4917 dicens
1069 4879 1087 4917 :
1117 4859 1323 4927 Simile,
1349 4874 1455 4920 etc.

446 4932 575 4999 Pag.
612 4931 1027 5006 793.._nuptia_lia
1065 4935 1374 4989 vestimenta
1402 4936 1473 4988 ad
1501 4951 1619 5006 qua:
1644 4935 1948 4990 delectetur.

377 5002 507 5074 Ms_s.
526 4998 812 5074 nuptialia
831 5003 1157 5074 vestimenta,
1196 5012 1353 5074 atque
1373 4998 1611 5072 delectet,
1634 5015 1739 5060 etc.

443 5072 573 5144 Pug.
611 5067 751 5144 794_._
773 5067 963 5144 Sed_si
987 5076 1104 5142 quis
1142 5067 1382 5128 nostrum
1514 5067 1724 5130 veniens
1753 5074 1823 5128 ad
1850 5091 1953 5129 nu-

371 5138 547 5212 ptias:
565 5151 669 5198 etc.
701 5140 834 5196 Mss.
862 5138 965 5196 Sed
991 5138 1040 5196 et
1071 5144 1118 5197 si
1145 5146 1262 5214 quis
1306 5154 1545 5198 nostrum
1671 5155 1849 5199 reatus
1881 5145 1951 5198 ad

373 5216 606 5282 nuptias,
642 5225 749 5267 etc.

446 5284 578 5336 Ibid.
612 5285 1005 5356 quiconregnat
1027 5322 1042 5346 ,
1083 5282 1196 5351 filio
1226 5285 1384 5354 regis,
1415 5294 1519 5340 etc.
1548 5284 1680 5342 Mss.
1713 5284 1806 5356 qui
1828 5302 1952 5340 con-

373 5364 577 5423 regnat,
606 5355 715 5422 regi
736 5353 852 5424 filio
879 5353 1035 5424 regis,
1070 5364 1172 5424 etc.

448 5425 572 5493 Pag.
608 5420 747 5479 795C
778 5425 843 5477 de
872 5420 1217 5493 euangelicis,
1249 5423 1303 5475 in
1336 5423 1561 5492 quibus,
1593 5433 1698 5480 etc.
1722 5423 1854 5480 Mss.
1887 5425 1951 5478 de

372 5494 682 5564 evangdicis
711 5494 863 5558 locis,
896 5497 950 5544 in
987 5494 1195 5563 quibus,
1225 5503 1330 5564 ctc_.

448 5562 580 5617 Ibid.
614 5576 659 5618 et
687 5562 1059 5634 prophetarum
1096 5566 1256 5616 totius
1287 5562 1576 5618 Creatoris.
1604 5563 1712 5619 Mss
1757 5573 1805 5618 et
1834 5580 1951 5633 pru-

372 5634 665 5701 phetarum,
689 5643 738 5687 et
766 5634 928 5687 totius
958 5634 1259 5686 creationis.

446 5704 554 5756 Ibitl
606 5715 653 5755 et
681 5703 1039 5766 incessionem,
1063 5712 1112 5756 et
1141 5719 1402 5755 smnnum.
1442 5701 1574 5757 Mss.
1617 5715 1663 5755 et
1696 5702 1947 5757 incessio-

373 5789 484 5825 nem
521 5773 632 5837 Dei,
663 5785 709 5827 et
739 5789 997 5825 somnum.

1295 332 1391 391 AD
1419 332 1741 389 ORIGENIS
1783 333 2138 389 COMMENT.
2176 333 2240 387 IN
2280 334 2715 391 MATTleEIIM.

3489 336 3630 395 I926

2138 451 2247 520 Pag
2298 450 2420 505 7H7.
2455 451 2566 521 Ego
2603 462 2775 506 autem
2799 468 2915 505 sunt
2938 453 3075 506 sicut
3105 454 3383 520 panthera.
3412 466 3460 510 et
3485 472 3643 520 sicut,

2064 535 2179 594 ctc.
2197 523 2324 577 Mss.
2347 521 2456 593 Ego
2479 533 2655 576 autem
2682 539 2797 577 sum
2817 524 2954 576 sicut
2974 524 3231 592 panthera
3246 525 3368 579 huic
3392 523 3643 594 Ephrem.

2062 603 2111 647 et
2139 593 2295 658 sicut,
2326 602 2430 646 etc.

2137 662 2271 734 Ibid.
2304 661 2413 733 Ego
2448 670 2623 717 autem
2657 664 2733 716 sic
2781 663 3016 732 inttlligo
3052 665 3191 734 quod
3230 666 3353 719 ait:
3379 664 3522 722 Deus
3552 682 3646 723 no-

2067 742 2177 787 ster
2203 732 2341 807 ignis
2371 747 2709 807 consumens
2736 734 2991 807 ea._(.'ur_n
3020 732 3215 798 autem,
3240 745 3353 807 etc.
3377 735 3503 791 Mss.
3532 736 3644 807 Ego

2065 813 2238 856 autem
2261 805 2339 858 sic
2362 802 2600 873 intelligo
2626 804 2765 875 quod
2792 804 2909 858 ait:
2944 803 3087 875 Deus
3121 816 3305 861 noster
3344 806 3485 875 ignis
3512 802 3646 862 cui)-

2067 888 2291 945 sumens
2335 881 2450 936 est,
2500 874 2747 945 quoniam
2792 873 3029 943 quandiu
3067 884 3191 927 sunt
3245 877 3301 928 in
3346 873 3494 929 nobis
3526 892 3645 945 qua:

2065 943 2224 1014 digna
2266 955 2388 997 sunt
2430 944 2669 1015 consumi
2696 945 2759 997 ab
2804 947 2944 1013 igne,
2970 945 3157 998 tandiu
3197 944 3336 1000 Deus
3392 943 3644 1015 igniscat

2067 1013 2373 1068 consumens
2398 1030 2480 1067 ea.
2513 1013 2645 1067 Cum
2674 1026 2872 1078 autem,
2900 1027 3005 1071 etc.

2139 1083 2276 1137 Ibid.
2305 1084 2445 1137 Deus
2489 1082 2662 1136 lumen
2701 1092 2799 1137 est.
2831 1083 3095 1149 Quoniam
3141 1102 3173 1137 a
3216 1096 3339 1146 tem.
3368 1093 3475 1139 etc.
3512 1082 3642 1138 Mss.

2067 1151 2208 1207 Deus
2247 1153 2421 1208 lumen
2466 1164 2540 1207 est
2592 1168 2609 1205 :
2657 1153 2794 1208 Deus
2840 1155 3053 1209 dilectio
3098 1165 3200 1209 est.
3246 1154 3509 1220 Quoniam
3547 1172 3646 1208 uu-

2068 1231 2192 1286 tem,
2222 1234 2326 1278 etc.

2140 1291 2269 1362 Pag.
2304 1292 2429 1348 798.
2456 1309 2548 1361 per
2586 1310 2643 1364 os
2668 1295 3042 1364 prophetarum
3080 1315 3111 1349 a
3136 1296 3355 1352 steculo.
3390 1294 3523 1351 Mss.
3554 1309 3646 1364 per

2068 1376 2124 1416 os
2148 1373 2447 1416 sanctorum
2474 1363 2845 1431 prophetarum
2868 1383 2899 1419 a
2921 1365 3134 1420 sa’culo.

2140 1432 2267 1505 Pug.
2294 1433 2419 1505 799.
2460 1433 2634 1486 simile
2674 1435 2794 1503 fecit
2832 1452 3046 1505 regnum
3070 1435 3339 1503 cazlorum,
3378 1444 3483 1491 etc.
3510 1432 3641 1491 Mss.

2066 1502 2250 1584 simile.
2270 1504 2329 1572 fit
2348 1519 2577 1584 regnum
2606 1507 2875 1567 castorum,
2889 1502 3008 1584 Istc.

2142 1571 2277 1627 Ibid.
2311 1571 2487 1645 simile
2511 1584 2587 1626 est
2619 1590 2836 1645 regnum
2871 1576 3117 1627 calorum
3151 1574 3264 1630 sedi
3291 1575 3426 1645 regis
3549 1574 3646 1627 do-

2068 1642 2348 1714 minationi
2383 1644 2535 1714 regis
2654 1642 2979 1713 print-ipatni
3009 1645 3142 1714 regis
3283 1642 3529 1713 potestati
3560 1661 3646 1698 rc-

2066 1713 2166 1782 gis.
2196 1711 2503 1784 Legendum
2523 1711 2676 1780 juxta
2704 1711 2837 1768 mss.
2863 1714 3035 1767 simile
3055 1711 3130 1767 est
3156 1711 3369 1784 regnum
3396 1715 3644 1768 (telorum

2066 1784 2178 1835 sedi
2210 1784 2339 1863 regi,
2362 1783 2715 1864 dominationi
2742 1785 2847 1904 regi
2962 1786 3287 1855 prmcipatui
3314 1785 3421 1855 regi
3548 1800 3644 1855 po‘

2068 1861 2246 1904 testati
2276 1868 2404 1904 rem.
2427 1861 2482 1904 et
2510 1863 2653 1904 recte
2682 1868 2791 1904 mm
2816 1869 2923 1904 em.

2068 1853 2248 1905 testati
2272 1852 2404 1922 regi,
2427 1861 2482 1906 et
2510 1863 2653 1907 recte
2682 1852 2923 1922 quidem.

2140 1918 2516 1996 Ibid.regnu_m
2536 1918 2715 1996 eorum
2743 1923 2941 1978 homini
2978 1925 3104 1996 regi.
3136 1918 3265 1996 Leg.
3295 1940 3510 1994 regnum
3538 1941 3642 1979 rte-

2064 1991 2246 2074 lorunt
2270 1991 2469 2074 homini
2502 1993 2631 2074 regi.

2137 2061 2270 2116 Ibid.
2311 2063 2369 2115 in
2401 2061 2825 2118 constitutionem
2868 2080 3094 2133 sponsae.
3133 2063 3263 2119 Mss.
3299 2065 3349 2118 in
3381 2065 3640 2120 constitu-

2068 2132 2208 2186 tione
2240 2148 2466 2200 sponsae.

2138 2202 2269 2274 Pag.
2302 2203 2426 2256 800.
2469 2203 2675 2274 quiad
2723 2202 3123 2272 intelligendum
3170 2203 3275 2256 sint
3320 2204 3639 2273 ingeniores.

2068 2271 2200 2327 Mss.
2224 2271 2322 2343 qui
2342 2274 2411 2343 ad
2437 2271 2835 2342 intelligendum
2864 2284 2985 2325 sunt
3014 2271 3411 2343 ingeniosiores.

2142 2344 2268 2412 I‘ag.
2287 2342 2423 2415 801.
2448 2353 2497 2396 ει
2528 2344 2855 2415 requiescunt
2883 2342 3087 2414 quidem
3112 2345 3168 2395 in
3196 2360 3346 2415 agro,
3369 2353 3475 2399 etc.
3508 2342 3640 2397 Mss.

2065 2425 2116 2468 et
2153 2413 2476 2484 requiescunt
2506 2413 2723 2482 quidam
2746 2416 2801 2466 in
2830 2413 2976 2483 agro,
3005 2423 3110 2467 etc.

2141 2484 2266 2554 I'ag.
2290 2484 2415 2537 80:2.
2443 2499 2507 2536 ea:
2524 2484 2666 2536 omni
2685 2486 2768 2536 via
2797 2484 3161 2552 imperitorum
3189 2484 3516 2553 dogmatum,
3532 2495 3640 2540 etc.

2064 2553 2193 2610 Mss.
2222 2553 2293 2606 ex
2334 2556 2475 2607 omni
2507 2556 2589 2607 via
2619 2554 2982 2623 imperitorum
3017 2564 3066 2609 et
3104 2555 3392 2626 peritorum
3422 2560 3642 2625 dogma-

2065 2636 2197 2686 tum,
2231 2631 2336 2678 etc.

2137 2695 2267 2747 Ibid.
2302 2694 2429 2746 (.‘um
2473 2708 2649 2765 au'em
2690 2693 2919 2765 impleta?
2960 2695 3158 2765 fuerint
3209 2695 3411 2763 nuptia:
3453 2709 3519 2749 επ
3560 2710 3642 2748 re-

2061 2765 2532 2836 quiescentibusjn
2563 2764 2696 2836 fide.
2735 2776 2784 2818 et
2821 2765 3033 2819 cultura
3080 2766 3195 2836 Dei,
3226 2776 3274 2818 et
3314 2775 3436 2819 tunc
3466 2765 3642 2836 ingre-

2061 2833 2255 2900 dietur,
2287 2843 2393 2889 etc.
2423 2833 2554 2889 Mss.
2587 2834 2718 2889 Cum
2752 2845 2927 2889 autem
2958 2835 3187 2904 impleta!
3216 2835 3412 2904 fuerint
3442 2833 3640 2903 nuptia:

2061 2921 2126 2958 ea:
2149 2903 2564 2958 recumbentibus
2588 2914 2636 2958 et
2669 2903 3109 2974 requiescentibus
3137 2907 3188 2959 in
3215 2903 3320 2974 ﬁde
3346 2917 3396 2961 et
3425 2905 3638 2958 cultura

2063 2975 2161 3027 hac
2193 2976 2306 3039 Dei,
2344 2985 2467 3028 tunc
2490 2975 2830 3042 ingredietur,
2863 2983 2970 3029 etc.

2133 3044 2260 3111 Patr.
2305 3044 2432 3099 803.
2475 3053 2524 3096 et
2548 3040 2696 3099 omni
2732 3040 2928 3099 lumine
2971 3045 3173 3101 alienas
3219 3043 3457 3097 mittant.
3504 3040 3634 3096 Mss.

2062 3129 2160 3184 pro
2189 3115 2421 3176 mittant,
2451 3115 2671 3177 habent,
2698 3115 2962 3183 injiciaut.

2133 3184 2261 3254 Pag.
2299 3184 2424 3239 805.
2476 3186 2616 3253 quod
2656 3182 2828 3238 ludas
2860 3186 3073 3254 quidem
3104 3183 3359 3238 Galilazns
3498 3182 3636 3254 evel-

2061 3254 2174 3325 lens
2214 3252 2617 3325 'multam,’etc.
2652 3254 2780 3325 Mss.
2823 3252 2961 3324 quod
3008 3255 3181 3309 ludas
3222 3255 3440 3325 quidam
3489 3252 3638 3307 Gali-

2060 3324 2191 3377 lteus
2305 3323 2531 3377 avellens
2559 3324 2802 3386 multant,
2833 3323 2941 3380 etc.

2133 3393 2263 3464 I’ag.
2315 3394 2439 3464 805.
2507 3404 2600 3448 aut
2667 3395 2982 3463 respondens
3039 3392 3329 3449 secundum
3396 3390 3640 3446 uolunta-

2062 3471 2186 3531 tem,
2213 3461 2320 3517 etc.
2352 3461 2480 3517 Mss.
2521 3479 2639 3531 pro.
2670 3461 2785 3528 aut,
2817 3464 3036 3527 habent,
3065 3474 3145 3529 ut,
3174 3473 3230 3517 et
3257 3473 3423 3519 recte.

2132 3530 2263 3601 Pag.
2291 3531 2415 3584 807.
2447 3530 2731 3604 secundum
2775 3534 2921 3604 quod,
2949 3534 3222 3604 uidebatur
3244 3535 3341 3599 eis,
3364 3543 3470 3590 etc.
3502 3531 3635 3604 Leg.

2057 3600 2229 3672 justi
2246 3614 2377 3672 n.s_s_.
2389 3600 2685 3672 secundum
2710 3600 2847 3671 quod
2874 3602 3152 3672 videbatur
3168 3602 3238 3667 ei,
3267 3614 3373 3659 etc.

2133 3668 2262 3739 Pag.
2304 3669 2433 3740 808.
2470 3669 2608 3740 quod
2647 3668 2906 3740 pertineat
2946 3671 3016 3725 ad
3059 3673 3318 3726 rationem
3356 3673 3634 3728 virtutum.

2067 3737 2135 3812 Et
2165 3737 2548 3812 si'virtutibus,
2571 3737 2676 3793 etc.
2710 3738 2932 3812 Rectius
2958 3757 3093 3812 mss.
3113 3741 3253 3812 quod
3278 3743 3535 3810 pertineat
3565 3742 3636 3795 ad

2061 3810 2466 3862 minorationem
2498 3810 2768 3864 virtutum.
2800 3810 2868 3864 Et
2894 3811 2940 3865 si
2965 3811 3042 3865 sic
3071 3810 3373 3874 virtutibus,
3400 3820 3507 3866 etc.

2131 3877 2267 3933 Ibid.
2298 3879 2547 3948 quoniam
2580 3881 2819 3949 princeps
2849 3882 3034 3934 mundi
3076 3881 3352 3935 moraliter
3393 3882 3593 3936 dicitur
3615 3897 3637 3936 :

2060 3949 2199 4002 sicut
2223 3958 2278 4021 et
2310 3949 2567 4021 omnium,
2593 3958 2697 4021 ate.
2730 3949 2858 4004 Mss.
2892 3950 3140 4020 quoniam
3174 3952 3413 4021 princeps
3453 3951 3638 4006 mundi

2062 4018 2336 4073 moraliter
2360 4019 2558 4071 dicitur
2589 4019 2788 4083 Caesar,
2818 4018 2953 4072 sicut
2978 4030 3026 4073 et
3048 4018 3306 4084 omnium,
3332 4018 3438 4075 etc.

2133 4087 2261 4157 Pag.
2302 4089 2425 4146 8I0.
2467 4087 2686 4142 Reddite
2724 4105 2842 4158 qua:
2884 4100 3005 4142 sunt
3050 4091 3303 4157 Ca'saris,
3345 4101 3452 4146 etc.
3500 4090 3635 4148 Mss.

2064 4157 2279 4212 Reddite
2306 4174 2428 4227 ergo
2448 4173 2563 4227 qua:
2586 4169 2707 4211 sunt
2737 4157 2982 4223 Cwsaris,
3008 4173 3115 4214 etc.

2132 4227 2264 4301 Pag.
2292 4228 2417 4301 8I5.
2442 4237 2490 4280 et
2509 4229 2634 4297 quia
2655 4228 3131 4300 transformabant,
3154 4238 3260 4286 etc.
3285 4229 3417 4286 Mss.
3438 4240 3490 4286 et
3509 4231 3636 4301 quia

2063 4298 2610 4368 transformabantur,
2636 4307 2739 4353 etc-

2131 4368 2264 4422 Ibid.
2294 4377 2349 4421 et
2372 4382 2492 4437 pag.
2521 4368 2644 4421 8I6.
2680 4385 2815 4422 uxor
2839 4369 3008 4433 illius,
3038 4371 3260 4440 efficitur
3286 4386 3423 4424 uxor
3447 4370 3633 4440 fratris

2056 4437 2301 4503 alterius,
2342 4454 2446 4491 non
2490 4439 2772 4507 peregrini,
2815 4449 2919 4494 etc.
2964 4437 3095 4494 Mss.
3132 4457 3268 4494 uxor
3314 4437 3483 4506 illius,
3529 4457 3632 4494 non

2056 4509 2276 4581 efficitur
2295 4510 2444 4581 foris
2470 4524 2603 4581 uxor
2633 4510 2873 4581 alterius,
2904 4512 3315 4581 peregrini,ietc.

2124 4578 2253 4649 Pag.
2286 4579 2410 4650 8H3.
2440 4590 2494 4630 ut
2534 4579 2703 4647 faciat
2750 4589 2901 4633 natos
2931 4578 3129 4634 «ex'eo.
3178 4580 3262 4634 Ea:
3292 4581 3488 4650 priore,
3520 4590 3628 4635 etc.

2053 4646 2184 4720 Ms_s.
2210 4646 2268 4701 ut
2295 4649 2462 4718 faciat
2499 4646 2650 4701 natos
2672 4664 2739 4704 es:
2757 4665 2837 4712 eo,
2870 4652 2993 4719 quia
3018 4666 3083 4703 ex
3114 4646 3303 4720 priori,
3333 4662 3439 4720 etc.

2129 4718 2260 4791 Ibid.
2295 4728 2353 4791 [tt
2403 4734 2539 4771 uxor
2588 4720 2697 4771 viro
2744 4735 2859 4791 non
2882 4718 3359 4791 appropinquanti.
3403 4719 3535 4775 Mss.
3569 4719 3630 4786 fit

2054 4802 2191 4840 uxor
2212 4790 2344 4857 foris
2382 4791 2490 4841 viro
2519 4804 2620 4841 non
2643 4790 3106 4859 appropinquanti.

2128 4859 2258 4912 Ibid.
2308 4861 2581 4912 coluerunt
2631 4872 2807 4913 autem
2855 4860 3007 4914 verbo
3059 4860 3278 4927 nubere,
3323 4870 3431 4915 etc.
3465 4859 3629 4931 Lege,

2054 4930 2351 4991 noluerunt,
2378 4939 2481 4983 etc.

2126 4996 2251 5066 Pug.
2281 4998 2405 5052 817.
2442 5008 2490 5051 et
2521 4998 2785 5051 cohabitat
2830 4999 3023 5055 anima-
3063 5000 3234 5067 illius,
3275 5010 3378 5055 etc.
3413 4999 3545 5056 Mss.
3579 5010 3629 5054 et

2053 5068 2318 5120 cohabilal
2352 5070 2544 5121 anima:
2571 5069 2675 5130 illi,
2707 5078 2810 5122 etc.

2125 5136 2259 5191 Ibid.
2298 5154 2603 5208 generatum
2645 5153 2710 5211 ex
2754 5139 2883 5210 lege,
2906 5150 2956 5194 et
2985 5156 3173 5194 nomen
3208 5141 3335 5211 legis
3369 5140 3484 5211 Dei,
3517 5148 3625 5195 ctc.

2052 5205 2193 5280 Ms_s.
2217 5205 2523 5280 generatum
2547 5221 2612 5260 ex
2641 5209 2748 5278 lege
2774 5205 2871 5263 De:
2888 5251 2903 5274 ,
2924 5222 2974 5264 et
3005 5227 3189 5264 nomen
3222 5205 3347 5280 legis
3381 5210 3496 5273 Dei,
3518 5218 3625 5263 etc.

2127 5276 2257 5331 Ibid.
2290 5279 2354 5329 ab
2385 5278 2525 5330 omni
2553 5276 2704 5346 opere
2733 5280 2926 5334 animat
2949 5293 3164 5335 sanctte.
3198 5276 3328 5335 Mss.
3361 5280 3425 5332 ab
3457 5280 3629 5332 omni-

2052 5348 2147 5404 bus
2183 5348 2422 5417 operibus
2450 5349 2643 5401 animae
2666 5362 2884 5403 sanctte.

2124 5419 2254 5474 Ibid.
2284 5429 2332 5471 et
2361 5418 2496 5471 dicet
2533 5434 2650 5489 qua:
2679 5422 2875 5489 scripta
2912 5429 3033 5474 sunt
3076 5421 3203 5473 dici.
3243 5418 3372 5473 Mss.
3411 5426 3461 5470 et
3489 5417 3628 5472 dicet

2049 5507 2168 5560 qua:
2199 5490 2396 5556 scripta
2431 5498 2549 5560 sunt
2576 5488 2639 5540 de
2660 5504 2735 5560 eo.

2121 5561 2255 5614 Ibid.
2308 5555 2543 5627 quandiu
2585 5558 2796 5627 quidem
2843 5559 2997 5628 facit,
3059 5568 3165 5613 etc.
3210 5557 3340 5612 Mss.
3386 5555 3628 5628 quandiu

2050 5632 2265 5700 quidem
2293 5629 2410 5697 quis
2445 5628 2597 5695 facit,
2623 5639 2731 5700 etc.
2968 5699 2993 5700 Η
3117 5688 3122 5691 _

2122 5701 2251 5769 Pzig.
2289 5701 2414 5751 8I8.
2461 5706 2510 5749 et
2559 5699 2827 5769 conuincet
2865 5699 3055 5752 mulier
3098 5699 3305 5769 verbum
3332 5697 3469 5750 illud
3502 5712 3631 5769 pra-

2053 5787 2169 5824 vum
2202 5766 2400 5831 dicens,
2430 5766 2568 5833 quod
2604 5783 2704 5822 non
2737 5769 2848 5823 rult
2874 5772 3045 5837 frater
3071 5770 3167 5824 viri
3199 5767 3321 5832 mei,
3360 5777 3467 5823 etc.
3497 5766 3625 5823 Mss.
