4084 6302
525 344 663 401 ῒυὶῒ

524 468 574 510 et
604 455 868 508 convincet
912 453 1099 506 mulier
1131 458 1340 505 verbum
1374 450 1506 503 illud

526 526 635 578 vult
663 526 989 594 fructificare
1022 524 1307 594 secundum
1338 521 1499 573 leuent
1540 520 1635 572 Dei

529 595 636 649 vult
665 593 973 664 fraterriri
993 593 1115 655 mei,
1140 603 1246 645 etc.

600 657 731 732 Pdg.
759 662 883 717 8I8.
919 658 1244 730 interrogant
1268 676 1434 732 virum
1456 658 1611 732 illum
1637 657 1799 732 talem
1815 660 1859 710 si
1877 674 1991 712 vere
2005 674 2107 732 non

536 726 831 787 vulthss.
877 726 1203 799 interrogant
1249 731 1419 783 virum
1464 728 1618 799 illum
1644 743 1662 780 :
1701 726 1881 780 Talem
1914 745 1968 781 se
2012 729 2109 799 ha:

528 805 644 857 bere
670 820 772 857 non
801 802 930 855 vult.
956 800 1037 854 Ita
1067 797 1144 863 ut,
1178 800 1336 853 talem
1366 815 1420 851 se
1442 797 1632 850 habere
1659 813 1762 849 non
1789 799 1919 858 vult,
1948 798 2107 867 quasi

529 887 851 941 responsum
878 870 1226 941 videaturad
1287 867 1769 941 interrogationem
1807 868 2104 941 seniorum.

530 936 736 995 Herem
765 941 983 1011 quidem
1018 940 1098 995 sic
1123 938 1413 1010 legendum
1438 952 1560 992 esse
1592 936 1836 991 iudicare
1856 938 2109 993 videntur

527 1013 835 1066 sequentia.

644 1096 731 1150 ag.
770 1081 893 1137 8|9.
941 1098 973 1134 a
1007 1081 1180 1150 colore
1219 1076 1519 1150 verisimilis
1560 1076 1758 1150 erroris
1802 1076 1917 1150 sui,
1967 1080 2107 1150 quod

530 1146 705 1219 fuerat
753 1151 1068 1205 calceatum.
1109 1148 1238 1203 Mss.
1289 1166 1322 1201 a
1367 1146 1538 1200 colore
1580 1146 1854 1201 verisimili
1909 1149 2107 1203 erroris

529 1223 634 1284 sui,
663 1237 764 1290 quo
797 1221 971 1289 fuerat
1002 1219 1294 1290 calceatus.

601 1284 735 1344 Ibid.
765 1284 815 1344 et
844 1290 1158 1359 respondens
1182 1289 1318 1342 dicet
1345 1304 1363 1342 :
1389 1285 1477 1341 Sic
1510 1286 1727 1355 facient,
1749 1292 1855 1340 etc.
1893 1284 2023 1341 Mss.
2059 1297 2109 1341 et

531 1362 842 1426 respondens
870 1357 999 1414 dicit
1030 1375 1048 1412 :
1073 1357 1161 1412 Sic
1193 1359 1407 1427 facient,
1433 1366 1539 1411 etc.

603 1424 731 1501 Pag.
765 1431 888 1484 821.
934 1441 983 1484 et
1033 1424 1218 1501 audire
1251 1430 1510 1501 dicentem
1534 1443 1563 1501 :4
1594 1424 1682 1501 Sic
1740 1424 1953 1493 facient,
2000 1437 2105 1483 etc.

532 1499 662 1553 Mss.
685 1495 740 1552 'et
767 1501 918 1554 audit
949 1500 1048 1554 sibi
1073 1500 1331 1553 dicentem
1357 1513 1374 1550 :
1414 1495 1502 1550 Sic
1536 1498 1754 1564 facient,
1782 1506 1887 1549 etc.

604 1571 736 1623 Ibid.
767 1569 826 1624 Si
854 1579 1028 1623 autem
1054 1578 1290 1621 mortuus
1314 1567 1471 1635 fuerit
1499 1569 1595 1630 vir,
1620 1566 1844 1619 liberata
1881 1570 1979 1624 est,
2002 1570 2104 1614 ctc.

533 1638 663 1694 Mss.
700 1640 761 1695 Si
788 1649 965 1693 autem
987 1650 1227 1692 mortuus
1255 1637 1439 1706 fuerit,
1463 1637 1629 1689 libera
1655 1646 1752 1699 est,
1784 1646 1889 1706 etc:

608 1710 741 1765 Ibid.
776 1719 1090 1780 putaverunt
1127 1704 1303 1761 omnia
1350 1708 1427 1760 sic
1475 1706 1681 1776 futura,
1711 1715 1816 1760 etc.
1845 1704 1974 1758 Mss.
2010 1716 2109 1771 pu-

533 1789 713 1851 tantes
733 1778 909 1851 omnia
931 1779 1014 1851 sic
1044 1778 1250 1851 futura.
1277 1785 1382 1832 εειοο
1516 1844 1563 1851 ,,
1695 1844 1734 1851 _
1792 1845 1804 1851 _
1883 1843 1894 1851 .
1916 1844 1928 1851 .
2060 1840 2071 1851 .

607 1849 740 1903 Ibid.
781 1850 848 1902 Et
887 1850 969 1903 his
996 1841 1122 1918 quid
1147 1857 1352 1917 potest,
1383 1856 1486 1902 etc.
1515 1844 1648 1900 Mss.
1685 1844 1755 1898 Et
1786 1845 1840 1898 in
1872 1843 1954 1896 his
1982 1841 2108 1912 quid

532 1928 722 1989 potest,
754 1928 858 1974 etc.

604 1983 734 2058 Pag.
762 1990 887 2044 825.
920 1988 979 2043 Si
1003 1998 1178 2041 autem
1205 1997 1281 2040 est
1312 1987 1384 2041 ibi
1416 1994 1820 2058 autpategaut
1854 1983 2023 2052 frater
2043 2019 2107 2058 ...

534 2075 640 2113 non
685 2052 862 2113 iumen
900 2070 977 2113 est
1009 2058 1314 2121 secundum,
1347 2066 1453 2111 etc.
1489 2052 1619 2111 Mss.
1658 2053 1718 2109 Si
1764 2063 1939 2107 autem
1964 2052 2112 2106 cesti-

536 2129 771 2183 mabitur
796 2140 968 2200 pater,
1010 2137 1103 2181 aut
1142 2127 1310 2197 frater
1441 2142 1542 2179 non
1575 2136 1748 2180 tamen
1779 2139 1889 2177 esse
1926 2139 2111 2177 secun-

535 2200 687 2265 dum,
721 2209 825 2254 etc.

606 2262 738 2322 Ibid.
764 2274 813 2323 et
849 2270 1019 2323 virum
1047 2269 1104 2321 in
1140 2268 1360 2336 spiritus
1380 2267 1584 2320 unitate
1616 2262 1899 2336 ...ASimile
1921 2272 1999 2336 est
2029 2277 2112 2316 re-

537 2356 697 2409 gnum
732 2341 979 2393 cartorum
1001 2333 1195 2391 homini
1220 2339 1309 2409 qui
1344 2338 1489 2405 fecit,
1535 2345 1641 2391 etc.
1682 2333 1815 2389 Mss.
1855 2341 1905 2386 et
1941 2333 2111 2409 virum

538 2402 593 2463 in
643 2410 834 2479 spiritu
880 2411 1102 2463 unitatis
1232 2402 1432 2463 'Simile
1474 2416 1552 2461 est
1600 2420 1818 2475 regnum
1860 2402 2111 2457 ctelorum

538 2480 738 2550 homini
773 2481 880 2549 regi
907 2479 997 2550 qui
1024 2481 1168 2548 fecit,
1192 2487 1297 2533 etc.

612 2549 737 2620 Pag.
771 2541 894 2603 82'6.
919 2541 1110 2603 'Pot'est
1142 2541 1336 2619 aliquis
1375 2546 1577 2613 dicere,
1621 2554 1727 2601 etc.
1770 2541 1899 2599 Mss.
1930 2541 2111 2597 Potest

541 2630 717 2689 auiem
743 2620 937 2689 aliquis
961 2620 1151 2683 dicere,
1185 2630 1292 2673 etc.

610 2688 741 2758 Pag.
775 2682 900 2744 8°17.
951 2682 1287 2758 manifestius
1328 2687 1533 2742 videtur
1579 2700 1697 2758 esse
1735 2682 2112 2752 conscriptum.

543 2757 673 2814 Mss.
695 2756 1039 2824 manifestius
1072 2756 1333 2813 videbitur
1354 2774 1464 2812 esse
1496 2756 1871 2823 conscriptum.

614 2829 746 2899 Ibid.
776 2819 877 2883 nisi
913 2830 1219 2899 Scripturas
1255 2831 1345 2898 qui
1388 2827 1660 2899 moraliter
1699 2819 1944 2877 audiens.
1979 2819 2111 2876 Mss.

541 2900 642 2953 nisi
673 2896 977 2970 scripturas
999 2896 1114 2966 quis
1144 2896 1416 2951 moraliter
1447 2897 1686 2970 audiens.
2012 2960 2024 2970 _

618 2969 748 3042 Ibid.
775 2979 822 3023 et
845 2969 1100 3042 bibituros
1126 2985 1270 3042 escas
1306 2968 1590 3042 carnales:
1617 2977 1666 3019 et
1706 2973 1819 3033 post
1851 2968 2115 3042 quoniam

540 3049 589 3092 et
614 3039 907 3106 Scriptura:
926 3041 1239 3108 prophetica:
1265 3039 1398 3091 talia
1419 3034 1949 3108 continentqaiedam
1977 3034 2115 3084 sicut

540 3118 589 3160 et
634 3109 696 3160 de
737 3104 964 3178 nuptiis,
1014 3104 1119 3163 etc.
1166 3107 1387 3162 Rectius
1423 3122 1557 3178 mss.
1588 3114 1637 3178 et
1679 3104 2115 3178 bibiturosescas

543 3171 874 3248 carnales,'et
901 3188 1053 3247 potus
1081 3198 1098 3232 .'
1124 3179 1374 3248 quoniam
1402 3188 1448 3230 et
1479 3174 1770 3248 Scriptura:
1800 3171 2118 3239 prophetica:

547 3247 680 3300 talia
716 3243 1002 3302 continent.
1030 3243 1259 3311 Quidam
1293 3247 1368 3299 sic
1399 3254 1448 3298 et
1482 3247 1546 3298 de
1575 3243 1796 3311 nuptiis,
1822 3250 1928 3294 etc.

614 3315 745 3392 Pa_g.
770 3316 894 3392 8‘28.
930 3310 1238 3392 Deusenint
1252 3318 1339 3385 qui
1368 3315 1628 3392 est,_di_cit
1648 3310 1670 3365 ':
1708 3310 1827 3392 Ipse
1854 3326 1946 3378 ego
1976 3323 2113 3392 sum,

545 3396 646 3439 etc.
678 3381 807 3441 Mss.
835 3386 970 3439 Deus
992 3387 1131 3438 enim
1150 3387 1238 3455 qui
1264 3381 1363 3455 est,
1386 3384 1513 3436 dicit
1541 3384 1648 3449 ipse
1666 3398 1690 3455 _:
1715 3381 1825 3455 Ego
1846 3395 1982 3443 sum,
2008 3387 2112 3434 etc.

615 3456 740 3527 Pag.
773 3455 976 3527 829.7et
1001 3451 1196 3527 nemini
1221 3453 1411 3527 alteri,
1441 3462 1497 3527 ut
1532 3469 1624 3527 nos
1647 3451 1972 3520 festinemus,
2006 3460 2110 3503 etc.

545 3523 676 3579 Mss.
692 3522 752 3579 vet
779 3526 973 3578 nemini
999 3525 1173 3578 alteri.
1211 3524 1275 3577 Et
1311 3540 1402 3576 nos
1439 3522 1764 3592 festinemus,
1794 3529 1899 3572 etc.

616 3595 743 3665 I’ag.
779 3594 999 3665 850.7In
1038 3596 1132 3648 illo
1164 3604 1406 3661 tempore,
1439 3586 1722 3665 audientes
1766 3598 1943 3642 autem
1969 3586 2116 3642 Pita-

547 3662 718 3731 riswi;
741 3675 845 3719 etc.
880 3664 1007 3719 Mss.
1044 3664 1301 3718 Pharisaei
1335 3673 1509 3716 autent
1543 3662 1834 3731 audientes,
1867 3666 1972 3731 etc:

617 3727 813 3789 liiid.et
836 3736 1065 3802 primum
1090 3735 1416 3796 mandatum,
1441 3742 1489 3784 et
1518 3730 1740 3802 reliqua.
1771 3728 1902 3802 Cum
1937 3727 2115 3780 Domi-

546 3822 664 3869 nus,
694 3815 798 3859 etc.
836 3798 964 3859 Mss.
988 3814 1036 3857 et
1075 3805 1303 3873 primum
1332 3798 1660 3873 mandatum.
1688 3798 1987 3854 Secundum
2013 3814 2115 3873 au-

545 3867 656 3926 tem
684 3874 860 3927 simile
904 3884 978 3927 est
1020 3867 1141 3926 huic
1174 3888 1192 3925 :
1228 3872 1423 3940 Diliges
1458 3871 1757 3940 proximum
1792 3880 1943 3940 tuum
1977 3867 2114 3919 sicut

542 3945 766 4011 teipsum
791 3960 810 3998 :
838 3944 891 3997 in
927 3945 1006 3997 his
1043 3943 1244 3996 duobus
1281 3939 1545 3995 mandatis
1570 3940 1739 3993 omnis
1781 3939 1866 3992 lex
1909 3947 1957 3991 et
1992 3952 2114 4006 pro-

543 4014 708 4083 pheta:
729 4014 971 4082 pendent.
1004 4013 1136 4067 Cum
1170 4012 1444 4083 Dominus,
1475 4021 1579 4083 etc.

615 4074 747 4136 Ibid'.
776 4085 1185 4137 demonstrasset
1211 4082 1340 4148 legis
1366 4074 1600 4148 exemplo
1629 4079 1785 4148 (sicut
1809 4077 1947 4131 dixit
1980 4074 2115 4131 Mat-

548 4152 737 4220 tliceus)
774 4154 1188 4215 silentium,etc.
1221 4150 1353 4205 Mss.
1388 4153 1790 4221 demonstrasset
1825 4148 1957 4217 legis
1986 4162 2111 4202 usus

542 4223 800 4291 exemplo,
839 4224 916 4275 sic
946 4224 1083 4275 dixit
1110 4221 1395 4274 .Ilattlia'us
1420 4237 1438 4273 :
1460 4219 1763 4281 Silentium,
1791 4228 1892 4270 etc.

616 4287 747 4345 Ibid.
814 4292 1079 4346 Pharisaei
1125 4293 1213 4356 qui
1262 4292 1697 4344 resurrectionem
1757 4287 2109 4340 consentiunt.

545 4360 675 4432 Mss.
711 4361 971 4432 Pharisaei
1001 4363 1088 4432 qui
1119 4361 1553 4432 resurrectionem
1597 4375 1707 4432 esse
1753 4357 2109 4411 consentiunt.

616 4430 748 4483 Ibid.
789 4429 1068 4484 Dominum
1106 4431 1287 4483 Deum.
1324 4429 1456 4484 Mss.
1491 4429 1773 4482 Dominum
1814 4436 2073 4480 nostrum.

620 4502 749 4553 Ibid.
771 4501 970 4569 fecistis
994 4501 1268 4569 injuriam,
1300 4517 1377 4553 ine
1407 4503 1670 4562 tentastis,
1694 4507 1798 4551 etc.
1831 4495 1958 4550 Mss.
1991 4495 2113 4564 feci-

548 4573 643 4623 stis
675 4571 946 4638 injuriani,
985 4572 1112 4623 mihi
1141 4571 1366 4638 fecistis,
1399 4586 1478 4622 me
1511 4570 1775 4628 teutastis,
1809 4577 1913 4620 etc.

619 4634 746 4706 9:th
777 4641 901 4693 851.
935 4638 993 4694 Si
1015 4634 1271 4709 quis'ei'go
1301 4640 1494 4708 aliquis
1516 4654 1619 4690 non
1647 4638 1825 4702 discit,
1850 4645 1955 4691 etc.
1979 4634 2108 4691 Mss.

548 4708 606 4761 Si
637 4712 753 4778 quis
787 4725 908 4779 ergo
938 4708 1140 4778 aliquid
1179 4726 1281 4761 non
1308 4710 1490 4772 discit,
1527 4716 1633 4761 etc.

619 4774 747 4832 Ibid.
802 4774 941 4848 quod
994 4774 1299 4833 Pliaristeus
1361 4778 1725 4848 interrogavit.
1787 4774 1915 4830 Mss.
1972 4777 2110 4845 quod

544 4848 850 4902 I’harisa'us
883 4850 1090 4918 quidem
1116 4849 1476 4918 interrogavit.

613 4918 744 4972 Ibid.
782 4914 1078 4972 Secundum
1125 4927 1174 4972 et
1207 4914 1382 4971 simile
1418 4927 1496 4971 est
1526 4917 1715 4988 priori.
1748 4914 1879 4971 Mss.
1911 4914 2110 4969 Secun-

540 4987 669 5040 dum
699 5002 873 5041 autem
912 4989 1084 5041 simile
1113 4997 1189 5041 est
1214 4989 1400 5053 priori.

614 5056 748 5109 Ibid.
799 5057 960 5110 donec
1008 5059 1271 5111 inveniens
1297 5057 1453 5112 Jesus
1482 5056 1687 5118 docuit.
1716 5066 1821 5111 etc.
1859 5056 1992 5112 Mss.
2025 5072 2110 5110 ve-

543 5127 688 5179 niens
708 5125 862 5180 Jesus
885 5127 1086 5191 docuit,
1126 5139 1231 5183 etc.

614 5195 748 5269 Ibid.
792 5196 933 5250 Dicit
966 5213 1087 5269 ergo
1119 5197 1339 5267 aliquis,
1369 5204 1476 5252 etc.
1504 5193 1636 5250 Mss.
1667 5194 1816 5251 Dicet
1845 5212 1966 5267 ergo
2004 5197 2109 5250 ali-

579 5284 605 5318 ιι
616 5267 681 5330 is,
711 5275 814 5321 etc.

541 5284 896 5391 quii’ItIiwiton
939 5336 1164 5401 occides,
1212 5351 1313 5389 non
1361 5335 1563 5398 furtum
1610 5336 1793 5402 facies,
1820 5345 1867 5389 et
1898 5336 1942 5389 si
1969 5337 2106 5405 quod

542 5407 716 5472 aliud,
739 5418 844 5461 etc.
874 5406 1004 5462 Mss.
1037 5424 1139 5459 non
1170 5406 1395 5470 occides,
1427 5423 1529 5459 non
1564 5407 1761 5475 falsum
1803 5407 1966 5473 diees,
2003 5422 2106 5459 nun

541 5478 737 5545 furtum
770 5477 952 5545 facies,
984 5487 1030 5530 et
1059 5477 1104 5529 si
1133 5476 1269 5545 quod
1305 5474 1472 5540 aliud,
1507 5492 1612 5532 etc.

610 5545 739 5613 Pag.
774 5544 905 5600 852.
956 5544 1208 5600 evellatur
1243 5545 1311 5597 ad
1361 5544 1594 5615 aliquam
1635 5564 1763 5615 rem,
1809 5558 1914 5603 etc.
1965 5547 2094 5601 Mss.

539 5615 802 5685 avellatur
840 5617 908 5669 ad
937 5617 1169 5685 aliquam
1197 5630 1339 5685 rem,
1362 5626 1466 5668 etc.

611 5684 740 5738 Ibid.
792 5688 953 5739 etiam
1000 5683 1109 5740 lucc
1145 5694 1264 5738 sunt
1308 5683 1573 5741 discenda.
1622 5685 1751 5744 Mss.
1795 5688 1952 5741 etiam
1990 5687 2099 5742 lucc

543 5764 662 5807 sunt
684 5755 923 5809 dicenda.
2007 5778 2014 5784 ‘

1591 465 1794 511 ravum,
1832 447 1970 516 quod
2003 463 2105 499 non

1694 529 1742 571 et
1772 520 1908 572 dicet
1936 534 1954 570 :
1981 516 2102 571 Non

1794 334 2027 391 VAlil/E
2066 332 2448 389 LEUI'IO'NES

3693 334 3875 396 1928

2281 445 2416 520 Ibid.
2448 454 2722 515 peccatum
2753 445 2948 513 diligit.
2993 444 3120 499 Mss.
3152 458 3428 513 peccatum
3463 449 3715 520 aliquoa
3760 470 3877 504 ai-

2206 517 2348 586 ligit.

2280 586 2411 639 Ibid.
2437 601 2615 639 omnia
2638 594 2885 648 sustinet,
2910 601 3089 638 omnia
3112 585 3302 651 credit,
3325 596 3431 642 etc.
3460 588 3601 644 Mss.
3629 594 3869 644 angnia

2206 656 2415 723 suffert,
2452 656 2630 708 omnia
2661 656 2848 712 credit,
2873 665 2980 708 etc.

2277 725 2407 795 Pag.
2448 726 2762 797 853.Aerant
2790 726 2900 797 illa;
2928 743 3071 779 voces
3104 726 3329 780 dicentis
3359 744 3377 781 :
3402 728 3674 797 Conﬁdo,
3708 743 3854 784 etc.

2208 794 2339 850 Mss.
2370 794 2527 848 erant
2557 794 2669 848 illa!
2693 811 2838 847 voces
2865 795 3096 849 dicentes
3120 813 3137 849 :
3165 798 3413 864 Conﬁdo,
3442 794 3553 853 etc.

2281 866 2411 919 Ibid.
2449 881 2611 934 neque
2643 864 2825 933 aliqua
2852 876 3119 930 creatura,
3149 877 3255 922 etc.
3302 867 3434 923 Mss.
3482 885 3670 939 neque
3698 871 3851 924 alia

2207 934 2391 1004 aliqua
2419 944 2686 996 creatura,
2714 944 2821 990 etc.

2280 1005 2414 1059 Ibid.
2445 1005 2572 1076 quid
2597 1005 2785 1076 volens;
2799 1005 3317 1076 proponatSalvator
3334 1007 3667 1076 Pliaristeis,
3695 1021 3840 1067 etc.

2207 1074 2339 1129 Mss.
2368 1072 2495 1145 quid
2536 1074 2711 1128 volens
2749 1072 3000 1128 salvator
3035 1089 3292 1144 proponat
3333 1072 3661 1145 Pharisceis,
3698 1094 3841 1136 etv.

2279 1143 2413 1221 Ibid.
2452 1143 2517 1221 Et
2545 1145 2837 1213 simplicior
2857 1145 3075 1215 aliquis,
3100 1143 3206 1202 etc.
3263 1146 3396 1202 Mss.
3433 1143 3500 1203 Et
3527 1152 3842 1221 simplici-

2209 1224 2287 1268 ter
2313 1214 2528 1283 aliquis,
2561 1223 2666 1267 etc.

2278 1282 2412 1337 Ibid.
2446 1282 2575 1336 ldeo
2612 1284 2714 1353 fuit
2749 1292 2798 1337 et
2831 1283 3205 1340 Dominum....
3230 1303 3522 1354 proponere
3569 1291 3658 1344 eis
3712 1309 3829 1345 ne-

2209 1355 2520 1418 cessarium,
2552 1355 2940 1422 proﬁtentibus,
2974 1365 3078 1410 etc.
3123 1355 3253 1411 Mss.
3280 1359 3397 1411 ideo
3433 1366 3823 1415 necessarium

2207 1426 2309 1493 fuit
2338 1436 2386 1475 et
2417 1423 2788 1477 Dominum....
2812 1441 3099 1495 proponere
3126 1428 3225 1488 eis,
3258 1428 3662 1495 profitentibus,
3691 1441 3823 1484 ριν.

2282 1495 2413 1568 Ibid.
2445 1509 2664 1562 arguere
2694 1494 3032 1560 titubantem,
3062 1505 3166 1550 etc.
3207 1496 3335 1552 Mss.
3356 1494 3590 1568 arguere
3621 1504 3828 1554 volens

2212 1564 2550 1624 titubantem,
2581 1572 2688 1616 etc.

2282 1634 2416 1686 Ibid.
2460 1642 2509 1687 et
2543 1633 2717 1704 videre
2747 1634 3035 1688 secundum
3067 1635 3231 1704 quod,
3251 1644 3357 1691 etc.
3384 1635 3514 1694 Mss.
3540 1651 3591 1692 et
3622 1641 3829 1696 dicere

2210 1704 2497 1756 secundum
2528 1701 2689 1765 quod,
2722 1714 2827 1757 etc.

2281 1774 2411 1843 Pag.
2448 1773 2574 1845 854.
2613 1789 2719 1827 non
2742 1782 2819 1826 est
2849 1788 3020 1827 meum
3048 1773 3177 1829 dare
3202 1776 3367 1845 vobis,
3398 1788 3504 1834 etc.
3570 1781 3632 1834 In
3662 1798 3821 1837 mss.

2211 1843 2362 1899 deest
2384 1843 2548 1897 vobis.
3186 1884 3195 1891 ς

2283 1914 2416 1967 Ibid.
2468 1913 2682 1966 sedeant
2725 1912 2795 1966 ad
2825 1912 3119 1982 dexteram,
3151 1915 3249 1981 vel,
3282 1927 3387 1974 etc.
3418 1917 3550 1974 Mss.
3577 1923 3763 1973 sedeas
3800 1932 3821 1975 t

2211 1983 2281 2036 ad
2312 1983 2581 2037 dexteram
2614 1982 2751 2051 ejus,
2781 1983 2880 2043 vel,
2913 1992 3018 2036 etc.

2210 2054 2416 2174 d_lb_id.
2451 2053 2747 2174 co‘nfringet
2784 2053 2841 2107 in
2867 2052 2951 2106 die
2976 2053 3093 2122 irai,
3128 2062 3238 2110 etc.
3272 2055 3406 2113 Mss.
3442 2059 3708 2129 confregit
3748 2061 3816 2112 ἔτι

2250 2140 2296 2174 ιε
2326 2138 2442 2174 me.
2473 2138 2502 2174 c
2528 2138 2578 2174 c.

2250 2124 2296 2177 ie
2326 2125 2442 2186 iraa,
2473 2131 2578 2177 etc.

2284 2192 2671 2267 Ibid._culturce
2697 2191 2893 2267 Dei,__et_
2921 2193 3145 2258 notitiis,
3170 2193 3577 2267 Deiscabellum
3599 2199 3815 2267 pedum

2209 2280 2348 2333 ejus.
2386 2263 2515 2318 Mss.
2545 2264 2769 2334 cultura:
2794 2262 2912 2330 Dei,
2943 2272 2991 2316 et
3020 2265 3228 2319 notitia:
3248 2266 3469 2334 Christi,
3500 2262 3812 2321 scabellum

2210 2347 2286 2389 est
2321 2334 2511 2403 pedum
2539 2333 2676 2403 ejus.

2282 2402 2415 2477 Ibid.
2453 2402 2699 2477 Optabile
2744 2402 2885 2455 enim
2933 2412 3046 2456 erat
3093 2403 3190 2467 vel,
3224 2413 3330 2460 etc.
3380 2404 3511 2462 Mss.
3543 2406 3810 2477 Optabile

2210 2475 2351 2528 enim
2379 2482 2491 2527 erat
2516 2474 2566 2525 ei
2590 2472 2687 2538 vel,
2714 2480 2821 2525 etc.

2284 2543 2414 2613 Pag.
2441 2543 2567 2614 8.55.
2598 2541 2665 2597 Et
2696 2557 2792 2614 ego
2814 2543 3068 2612 confitens
3095 2546 3368 2614 quoniam,
3398 2556 3505 2601 etc.
3547 2546 3683 2601 Mss.
3722 2547 3801 2599 Et

2212 2631 2307 2685 ego
2337 2612 2604 2685 canﬁa‘ens
2634 2612 2906 2685 quoniam,
2934 2623 3040 2668 etc.

2285 2684 2422 2739 Ibid.
2474 2697 2650 2737 omnes
2682 2683 3105 2751 viviﬁcabuntur.
3155 2684 3288 2741 Mss.
3320 2702 3497 2741 omnes
3524 2688 3801 2758 viviﬁcan-

2216 2765 2321 2807 tur.

2290 2822 2612 2896 Ibid.idonec
2636 2831 2797 2896 ponat
2822 2822 3064 2878 inimicos
3098 2824 3234 2894 ejus.
3281 2823 3412 2880 Mss.
3435 2825 3599 2881 donec
3623 2838 3797 2896 ponat

2216 2911 2393 2947 omnes
2426 2894 2667 2947 inimicos
2696 2892 2832 2961 ejus.

2291 2963 2422 3018 Ibid.
2471 2963 2772 3035 secundant
2796 2971 2972 3015 autem
3022 2981 3181 3035 opera
3226 2980 3408 3017 eorum
3453 2983 3514 3019 ne
3546 2967 3791 3035 faciatis.

2220 3032 2561 3102 Frequenter,
2587 3042 2692 3105 etc.
2727 3030 2858 3105 Mss.
2880 3030 3096 3105 textum
3126 3033 3424 3103 Scriptura:
3444 3030 3794 3105 prosequun-

2220 3113 2308 3176 ειμι·
2338 3101 2512 3176 insitae
2554 3103 2621 3176 ad
2651 3103 2685 3170 Ῡ
2728 3101 2832 3164 I2,
2879 3104 3160 3176 inclusive.
3209 3101 3333 3173 iii,
3375 3101 3456 3159 sic
3498 3101 3794 3176 incipiunt.

2223 3171 2368 3225 Tunc
2387 3172 2542 3226 Jesus
2573 3172 2780 3224 locutus
2809 3184 2886 3227 est
2924 3174 2993 3225 ad
3023 3171 3223 3236 turbas,
3250 3184 3356 3227 etc.

2292 3241 2424 3298 Ibid.
2470 3242 2719 3311 quoniam
2753 3243 2799 3294 si
2838 3245 3202 3296 tantummodo
3247 3244 3487 3311 credunt,
3518 3255 3624 3301 etc.
3654 3247 3792 3303 Mss.

2217 3314 2465 3384 quoniam
2494 3312 2585 3384 qui
2621 3314 2984 3384 tantummodo
3006 3312 3244 3378 credunt,
3274 3323 3381 3368 etc.

2288 3382 2416 3451 Pag.
2439 3380 2565 3434 856.
2592 3382 2682 3458 qui
2711 3382 3127 3458 interpretantur
3150 3385 3327 3450 divisi,
3358 3394 3463 3439 etc.
3491 3383 3622 3442 Mss.
3650 3394 3795 3458 quod

2217 3452 2597 3520 interpretatur
2618 3451 2797 3516 divisi,
2827 3462 2931 3506 etc.

2290 3523 2424 3576 Ibid.
2454 3520 2818 3593 etualligantes
2852 3539 3010 3576 onera
3043 3523 3247 3591 gravia,
3277 3532 3325 3577 et
3355 3524 3650 3593 imponunt,
3679 3537 3787 3581 etc.

2217 3590 2347 3662 Mss.
2375 3600 2423 3645 et
2455 3590 2737 3661 alligantes
2765 3608 2925 3662 onera
2957 3590 3140 3662 gravia
3179 3590 3472 3662 imponunt,
3503 3606 3606 3649 etc.

2288 3661 2421 3733 Ibid.
2452 3662 2509 3733 in
2536 3677 2693 3733 regno
2714 3661 2992 3733 caelorum.
3027 3663 3157 3733 Mss.
3188 3661 3430 3733 in'reguo
3459 3665 3572 3718 Dei.

2289 3731 2587 3803 Ibid.dieti
2629 3730 2785 3800 hujus
2815 3749 2916 3800 quo
2949 3733 3045 3786 ait.
3094 3732 3223 3787 Mss.
3271 3730 3401 3787 dicti
3453 3736 3607 3803 hujus
3648 3736 3786 3803 quod

2217 3801 2315 3855 ait.
2348 3800 2590 3871 Deinde,
2630 3804 2915 3854 secundum
2964 3819 3120 3871 opera
3150 3818 3352 3869 eorum,
3390 3814 3494 3858 etc.
3516 3800 3674 3859 'Mssl
3700 3824 3782 3857 se-

2218 3870 2450 3941 cundum
2477 3887 2634 3939 opera
2672 3882 2848 3923 autem
2876 3870 3077 3938 eorum,
3109 3883 3217 3927 etc.
3252 3871 3337 3937 Et,
3364 3889 3456 3941 per
3479 3876 3587 3929 lucc
3613 3886 3786 3927 osten-

2215 3940 2337 3993 dere
2369 3939 2554 4005 t'oluit,
2589 3951 2693 3995 etc.
2726 3941 2855 3995 Mss.
2887 3958 2982 4009 per
3010 3943 3119 3995 lia'c
3146 3939 3417 3996 ostendere
3448 3945 3575 4008 vult,
3603 3957 3706 3998 etc.

2287 4009 2421 4081 Ibid.
2446 4011 2536 4079 qui
2568 4010 2807 4078 bajulare
2826 4027 2940 4064 eam
2969 4027 3073 4064 non
3096 4012 3377 4081 sit/ferunt.
3406 4015 3621 4070 [tectius
3645 4031 3778 4068 mss.

2214 4081 2303 4149 qui
2332 4079 2570 4148 bajulare
2592 4096 2654 4149 ea
2680 4096 2782 4133 non
2806 4081 3085 4149 sufferunt.

2284 4148 2413 4219 Pag.
2440 4150 2562 4203 837.
2594 4148 2908 4221 Propltetam
2938 4152 3048 4205 haec
3080 4151 3477 4221 intelligentem.
3507 4152 3634 4209 Mss.
3655 4153 3781 4207 Pro-

2214 4219 2423 4288 plietam
2451 4221 2547 4273 hoc
2584 4219 2978 4290 intelligentem.

2286 4291 2420 4344 Ibid.
2467 4289 2922 4360 scribentes’legis
2967 4290 3134 4356 dicta,
3180 4298 3286 4345 etc.
3338 4289 3470 4347 Mss.
3501 4290 3775 4347 scribentes

2213 4360 2457 4427 qna'dam
2487 4359 2613 4428 legis
2644 4360 2810 4425 dicta,
2830 4359 2936 4415 etc.

2283 4428 2414 4499 Png.
2456 4430 2583 4484 858.
2624 4439 2680 4483 ut
2708 4431 2756 4484 si
2781 4447 2885 4485 non
2908 4429 3140 4497 dicatur,
3169 4439 3274 4486 etc.
3300 4428 3431 4487 Mss.
3468 4441 3523 4485 ut
3554 4433 3651 4485 etsi
3676 4451 3775 4488 non

2212 4499 2448 4566 dicatur,
2476 4509 2582 4553 etc.

2283 4569 2416 4643 Ibid.
2457 4577 2731 4643 propterea
2758 4570 2918 4641 quod,
2940 4581 3045 4625 etc.
3090 4569 3220 4627 Mss.
3247 4586 3460 4643 propter
3485 4576 3644 4643 quod,
3668 4586 3771 4631 etc.

2283 4638 2418 4694 Ibid.
2451 4641 2720 4704 Quantum
2751 4638 2970 4711 magnus
2996 4657 3072 4709 es,
3096 4652 3201 4697 etc.
3249 4638 3391 4700 Mss.
3425 4638 3637 4710 Quanto
3668 4664 3777 4700 ma-

2208 4724 2440 4779 gnuses,
2466 4721 2569 4763 etc.

2284 4778 2420 4848 Ibid.
2457 4779 2727 4844 Quantum
2758 4779 2920 4847 enim,
2950 4789 3055 4836 etc.
3086 4780 3218 4837 Mss.
3249 4781 3462 4848 Quanto
3489 4787 3645 4846 enim,
3667 4798 3771 4840 etc.

2283 4847 2416 4902 Ibid.
2445 4852 2698 4921 quodest
2721 4866 2878 4918 super
2914 4867 3064 4906 omne
3101 4847 3308 4907 nomen.
3342 4854 3451 4921 Qui
3473 4867 3550 4910 est
3574 4858 3773 4909 benedi-

2213 4930 2328 4971 ctus
2359 4920 2412 4971 in
2441 4919 2638 4972 sa'cula
2681 4921 3019 4974 swculorum.
3047 4922 3234 4977 Amen.
3260 4919 3390 4980 Mss.
3417 4928 3555 4995 quod
3584 4938 3655 4979 est
3685 4943 3771 4979 su-

2210 5005 2302 5057 per
2338 5005 2488 5042 amne
2520 5006 2732 5047 nomen.
2758 4998 2808 5042 et
2848 5001 3062 5047 cattera.
3430 4993 3437 4995 ⁷
3464 4993 3470 4999 ’

2280 5057 2410 5133 Pag_.
2444 5058 2569 5112 859.
2619 5070 2742 5133 ante
2786 5059 3040 5133 homines,
3069 5070 3118 5115 et
3148 5062 3372 5133 reliqua.
3429 5064 3536 5130 Qui
3563 5067 3768 5131 audent,

2209 5139 2315 5183 etc.
2352 5127 2479 5182 Mss.
2519 5139 2640 5182 ante
2667 5128 2921 5183 homines.
2974 5129 3074 5184 Vos
3103 5127 3387 5187 enim'non
3426 5127 3654 5197 intratis,
3680 5127 3767 5188 ne;

2207 5213 2305 5266 que
2330 5199 2651 5251 introeuntes
2683 5198 2858 5252 sinitis
2893 5199 3112 5254 intrare.
3145 5202 3249 5265 Qui
3287 5204 3501 5265 audent,
3535 5218 3635 5260 etc.

2282 5268 2419 5322 Ibid.
2447 5278 2498 5320 et
2528 5278 2705 5340 tamen
2747 5285 2847 5322 non
2870 5269 2979 5322 vult
3008 5272 3224 5339 dignum
3249 5273 3387 5340 ﬁeri,
3422 5285 3527 5330 etc.
3573 5275 3694 5331 Mss.
3714 5286 3761 5328 et

2210 5347 2382 5391 tamen
2412 5354 2512 5391 non
2541 5339 2650 5391 vult
2672 5338 2890 5408 dignum
2915 5355 3033 5393 eum
3055 5338 3193 5409 fieri,
3210 5338 3316 5396 etc.

2267 5428 2414 5510 'Ibid.
2441 5439 2489 5482 et
2516 5429 2902 5496 exanimantes,
2924 5440 3028 5486 etc.
3063 5430 3153 5487 Sic
3177 5433 3377 5488 rectius
3391 5434 3544 5503 editi,
3574 5447 3619 5489 et
3649 5452 3764 5490 exa-

2206 5509 2487 5565 minantes,
2516 5509 2621 5554 etc.

2218 5660 2229 5671 .
2277 5589 2406 5672 Pag.
2436 5591 2560 5672 840..
2595 5608 2701 5672 sua
2724 5591 2968 5672 justitia,
3003 5603 3053 5647 et
3081 5597 3319 5663 veritate,
3344 5604 3451 5651 etc.
3518 5594 3647 5652 Mss.
3674 5613 3761 5650 sua

2199 5670 2399 5732 justia,
2422 5671 2470 5715 et
2502 5670 2713 5729 virtute,
2752 5670 2858 5716 etc.

2287 5752 2417 5824 [δας.
2467 5753 2592 5808 841.
2633 5753 2723 5823 qui
2765 5769 2866 5807 non
2912 5770 3031 5811 cum
3066 5757 3496 5827 requisitione....
3532 5771 3584 5818 et
3612 5762 3765 5830 ipsun
