4084 6302
301 419 441 473 ωὲῡ

294 546 440 612 quod
468 543 696 617 videtur,
718 549 827 617 etc.
855 542 1135 613 Mssquia
1167 560 1270 598 non
1295 561 1416 599 cum
1441 546 1874 617 requisitione....

294 624 350 667 et
379 630 439 666 eo
466 614 606 683 quod
639 616 865 673 videtur.
896 625 1000 668 etc.
1050 658 1053 661 λ

377 684 509 739 Ibid.
540 693 589 757 et
614 686 705 755 qui
732 684 1167 757 adulteretur"...
1185 695 1235 739 et
1255 688 1347 757 qui
1369 688 1572 757 furtum
1597 686 1750 757 facit,
1775 697 1880 741 etc.

299 752 434 827 Mss.
465 756 564 827 qui
601 752 777 827 autem
823 756 987 809 etiam
1037 752 1469 812 adulteratur....
1520 752 1612 827 qui
1666 774 1785 811 vero
1833 767 1884 811 et

297 826 507 896 furtum
537 825 691 896 facit,
716 837 821 879 me.

376 896 511 950 Ibid.
558 896 612 948 in
658 895 915 951 divisione
963 913 1096 952 vera:
1124 898 1604 965 Ita'teditatis,ctc.
1663 896 1792 953 Mss.
1828 902 1882 952 in

300 967 564 1039 divisione
599 981 721 1039 vera
748 966 1099 1039 hereditatis,
1130 977 1236 1021 etc.

377 1036 517 1091 Ibid.
539 1036 708 1105 patris
737 1037 815 1090 vel
842 1036 1047 1089 matris.
1066 1037 1372 1091 Dicentibus
1388 1038 1530 1091 enim
1548 1037 1842 1095 Pharistcis
1862 1057 1881 1095 :

303 1106 637 1177 Quicunaue,
665 1109 768 1162 etc.
807 1105 1028 1177 Rectius
1057 1124 1190 1162 mss.
1218 1109 1390 1177 patris
1426 1107 1504 1162 vel
1540 1112 1767 1175 matris;
1789 1113 1881 1166 cli-

303 1180 542 1241 t‘t‘pltbus
566 1175 858 1235 Rharistvis
887 1192 906 1229 :
946 1175 1276 1245 Quicunque,
1307 1188 1414 1234 etc.

376 1248 513 1301 Ibid.
560 1245 677 1301 Una
714 1262 888 1301 autem
924 1263 988 1301 ex
1010 1246 1361 1316 Pharisaicis,
1417 1260 1525 1305 etc.
1578 1248 1710 1307 Mss.
1762 1250 1882 1308 Una

301 1335 426 1388 erqo
460 1334 527 1372 c1:
560 1317 910 1388 Pharisaicis,
951 1328 1058 1372 etc.

373 1384 510 1443 Ibid.
550 1386 679 1465 Ideo
711 1384 959 1465 adversus
984 1388 1266 1458 ejusmodi,
1297 1398 1404 1445 etc.
1443 1388 1573 1446 Mss.
1601 1390 1730 1448 Ideo
1758 1410 1881 1465 ergo

302 1465 556 1514 adversus
580 1458 875 1525 ejusmodi,
905 1468 1011 1513 etc.

374 1530 503 1599 Pag.
545 1529 668 1582 84:2.
711 1528 849 1582 idem
886 1545 977 1598 per
1003 1527 1358 1600 Scriptttram,
1387 1542 1492 1588 etc.
1559 1531 1689 1589 Mss.
1717 1536 1774 1588 id
1802 1548 1880 1590 est

290 1617 394 1670 vper
417 1601 770 1669 Scripturam,
797 1608 898 1652 t-tc.

374 1672 511 1726 Ibid.
567 1670 752 1731 Itaque
782 1671 1029 1735 quoniam

301 1743 552 1812 quoniam
580 1740 735 1808 facile
764 1749 901 1805 erat,
928 1750 1031 1794 etc.

375 1812 504 1881 Pag.
709 1820 759 1864 et
802 1820 1001 1886 oportet
1036 1812 1341 1886 hujusmodi
1369 1813 1602 1886 homines
1632 1814 1877 1886 frequen-

304 1893 382 1935 ter
418 1881 774 1953 considerare,
804 1892 910 1953 etc.
958 1881 1085 1935 Mss.
1120 1893 1169 1936 et
1198 1895 1273 1937 est
1306 1882 1611 1953 hujusmodi
1633 1881 1873 1942 homines

292 1952 982 2023 frcquenterconsidernre,
1009 1962 1115 2006 etc.

380 2023 511 2076 Ibid.
561 2023 797 2075 ciborum
828 2030 950 2074 sunt
984 2023 1288 2087 conditura,
1320 2032 1425 2079 ctc.
1477 2022 1606 2079 Mss.
1638 2026 1878 2080 ciborum

302 2102 425 2149 sunt
454 2094 771 2154 conditum),
801 2105 910 2145 etc.
1826 2148 1834 2153 .

373 2164 503 2234 Png.
546 2162 670 2216 8M.
712 2179 862 2236 quem
895 2162 1197 2236 appetimus
1222 2164 1277 2216 in
1298 2164 1630 2218 sermonibus
1658 2166 1789 2236 "legis
1829 2178 1876 2221 et

300 2232 697 2304 pt-oplietarum.
728 2232 858 2286 Mss.
894 2248 1050 2301 quem
1079 2234 1318 2302 capimus
1360 2237 1417 2288 in
1449 2232 1776 2293 sertttOttibus
1804 2238 1879 2292 le-

294 2306 385 2373 ‘yis
413 2306 487 2357 vet
516 2303 911 2372 prophetarum.

263 2370 321 2408 θ’
382 2370 523 2430 Ibid.
554 2370 797 2426 sordibus
836 2370 1258 2443 vanitatibuqu
1293 2373 1540 2443 repletus.
1594 2376 1725 2433 Mss.
1759 2396 1876 2433 sor-

290 2446 459 2499 dibus
495 2445 746 2499 vanitatis
778 2442 1026 2510 repletus.

377 2517 510 2571 Ibid.
539 2513 754 2568 Mortua
776 2513 998 2581 justitia
1027 2523 1124 2566 est.
1150 2510 1303 2567 Sicut
1325 2513 1501 2579 homo,
1526 2527 1630 2573 etc.
1658 2517 1880 2575 Rectius

305 2603 440 2661 mss.
478 2595 687 2661 mortua
714 2583 926 2661 iustitia
951 2591 1058 2647 est,
1120 2583 1288 2653 magis
1320 2593 1495 2639 autem
1527 2604 1689 2659 neque
1711 2590 1881 2661 justi-

298 2658 384 2713 tia
414 2665 517 2712 est.
552 2654 705 2710 Sicut
732 2654 907 2717 homo,
938 2664 1044 2709 ctc.

1087 1672 1246 1741 facile
1293 1681 1430 1740 erat,
1457 1682 1563 1729 etc.
1617 1673 1748 1732 Mss.
1794 1675 1880 1730 Ita

375 2727 513 2783 Ibid.
559 2724 771 2779 Mortua
817 2734 1014 2789 autem,
1061 2740 1181 2794 qua:
1214 2739 1340 2793 non,
1371 2734 1476 2782 etc.
1500 2725 1632 2785 Mss.
1662 2729 1878 2786 Mortua
1922 2762 1937 2775 κ

296 2808 484 2853 autem
507 2804 605 2857 est.
639 2812 755 2866 qua:
785 2804 1030 2866 non,cte.

382 2870 515 2925 Ibid.
573 2864 858 2942 dealbatis.
881 2866 937 2942 _d
972 2864 1104 2942 foris
1151 2866 1408 2942 videntur
1416 2866 1558 2942 justi
1582 2871 1641 2925 in
1670 2886 1881 2942 conspe-

295 2952 414 3012 ~e.'u,
439 2950 544 2994 etc.
586 2936 725 3012 Mss.
772 2935 1057 3012 dealbatis,
1100 2950 1134 3012 ᾳ
1160 2937 1294 3012 foris
1309 2939 1530 3012 quidem
1572 2935 1881 3012 apparen'ti-

305 3011 403 3064 bus
459 3009 712 3078 speciosi;
753 3022 875 3060 nam
916 3016 966 3061 et
1008 3006 1114 3076 ipsi
1154 3022 1186 3060 a
1213 3009 1346 3076 foris
1385 3006 1650 3066 videntur
1660 3014 1801 3082 justi
1824 3015 1882 3069 in

303 3088 603 3149 conspectu,
629 3086 732 3149 etc.

374 3146 503 3220 I'ég.
528 3149 647 3203 845.
681 3146 973 3220 [amatum
994 3149 1203 3220 quidem
1230 3165 1360 3216 esse,
1392 3153 1466 3207 vel
1496 3169 1660 3207 unum
1686 3154 1881 3209 ossium

297 3216 524 3298 mortui,
554 3228 660 3300 etc.
690 3216 846 3300 .Mss.
876 3218 944 3271 Et
970 3216 1168 3272 malum
1196 3221 1413 3290 quidem
1445 3233 1578 3277 esset
1618 3225 1695 3277 vel
1720 3240 1881 3277 unum

304 3297 724 3354 asst'umntov'tut‘,
752 3298 856 3343 etc.

343 3361 507 3444 .Pag.
564 3361 691 3414 846.
727 3375 855 3413 cum
894 3360 974 3415 sit
1017 3359 1189 3430 uirgo.
1250 3358 1382 3417 Mss.
1424 3379 1544 3417 cum
1590 3364 1661 3419 sit
1710 3364 1884 3421 adhuc

304 3449 470 3501 vtrgo.

376 3503 509 3557 Ibid.
551 3503 645 3572 qui
686 3517 718 3555 α
754 3503 1011 3572 sanguine
1052 3501 1429 3572 prophetarum
1461 3504 1751 3568 excusatis,
1775 3515 1881 3561 etc.

307 3572 557 3642 Mss.17ui
594 3589 626 3624 a
654 3572 910 3642 sanguine
947 3576 1317 3642 pmphetarum
1344 3584 1433 3622 vos
1464 3574 1881 3642 excusatis,_etc.

373 3638 507 3711 Pag.
534 3642 659 3695 847.
686 3639 809 3694 Scio
832 3650 1008 3693 autem
1039 3638 1422 3703 indubitanter,
1444 3649 1549 3695 etc.
1581 3639 1709 3697 Mss.
1735 3640 1883 3697 Scito

298 3725 483 3765 autem
514 3711 897 3773 indubitanter,
925 3719 1031 3763 etc.

382 3782 513 3836 Ibid.
558 3790 608 3835 et
659 3781 864 3849 pullum
930 3781 1261 3848 ingressurus
1309 3779 1365 3833 in
1408 3776 1730 3845 Jerusalem,
1773 3791 1880 3838 etc.

308 3852 438 3908 Mss.
470 3852 682 3907 addunt
709 3852 801 3915 sit,
838 3859 963 3920 post
998 3851 1350 3920 ingressurus.

382 3924 519 3978 Ibid.
559 3922 667 3977 Alii
703 3918 881 3973 autem
913 3929 1035 3974 sunt
1060 3918 1285 3986 Scriba,
1316 3927 1422 3976 etc.
1451 3918 1580 3977 Mss.
1612 3919 1724 3975 Alii
1744 3925 1882 3979 enim

306 4007 427 4049 sunt
459 3993 681 4056 Scriba’,
709 4000 816 4045 etc.

377 4066 510 4135 I‘ag.
552 4062 683 4117 848.
741 4068 968 4123 avertere
1022 4075 1143 4114 eam
1198 4060 1399 4115 volunt.

303 4153 420 4190 eam
457 4135 655 4188 volunt.

372 4207 513 4262 Ibid.
549 4203 858 4273 memoriam
897 4200 990 4273 Dei
1023 4200 1237 4273 pendere
1265 4203 1502 4272 festinat.
1532 4202 1661 4259 Mss.
1687 4219 1884 4259 mento-

303 4279 443 4330 riam
473 4276 567 4332 Dei
589 4272 887 4345 disperdere
914 4272 1151 4345 festinat.

374 4347 516 4404 Ibid.
561 4341 1101 4400 Per'benedictionem
1130 4342 1244 4410 Dei,
1273 4352 1380 4399 etc.
1426 4342 1556 4401 Mss.
1592 4341 1695 4399 I’er
1726 4345 1881 4401 bene-

302 4419 591 4473 dictionem
624 4418 759 4470 enim
790 4413 909 4478 Dei,
941 4421 1046 4469 etc.

377 4489 515 4544 Ibid.
557 4488 863 4541 cantionum
896 4483 1250 4551 sordidatum,
1282 4492 1386 4539 etc.
1419 4482 1549 4539 Mss.
1581 4486 1885 4540 orationum

306 4560 665 4622 sordidarum,
696 4565 800 4610 etc.

378 4628 512 4684 Ibid.
538 4627 857 4681 Zachariam
879 4624 1053 4695 ﬁlium
1072 4623 1306 4687 Joiadw,
1328 4633 1433 4681 etc.
1457 4623 1587 4681 Mss.
1616 4624 1884 4682 Ananiam

306 4699 476 4769 filium
497 4698 730 4769 Joiadw,
758 4706 864 4750 etc.

381 4770 516 4824 Ibid.
542 4769 631 4824 sed
663 4768 823 4822 etiam
857 4765 1237 4837 discipulorum
1267 4765 1402 4835 ejus.
1442 4764 1574 4821 Mss.
1606 4766 1698 4821 sed
1724 4767 1887 4821 etiam

307 4840 664 4911 apostolorum
699 4838 833 4906 ejus.

379 4911 515 4966 Ibid.
561 4926 649 4963 vos
689 4905 892 4978 semper
921 4905 1149 4977 Spiritui
1192 4915 1378 4978 sancto
1416 4907 1709 4969 restitistis,
1744 4907 1885 4960 sicut

308 4990 481 5049 patres
511 4980 691 5035 vestri.
740 4975 870 5034 MSS.
912 4975 1485 5049 vossempchpiritui
1529 4987 1715 5049 sancto
1762 4978 1886 5031 resi-

308 5045 447 5107 stitis
467 5068 484 5106 :
507 5052 642 5106 sicut
665 5060 839 5120 patres
868 5048 1024 5103 vestri
1055 5057 1104 5100 et
1130 5064 1257 5120 vos.
1291 5045 1495 5101 Deinde
1511 5065 1533 5120 :A
1553 5045 1719 5120 Quem
1746 5048 1884 5100 enim

307 5118 679 5193 prophetarum
713 5136 816 5173 non
842 5128 966 5174 sunt
1000 5119 1302 5193 persecuti?
1327 5127 1379 5171 et
1423 5118 1749 5182 occiderunt,
1775 5127 1881 5193 etc.

307 5188 443 5249 Mss.
485 5194 654 5258 Quem
711 5193 849 5246 enim
888 5189 1262 5259 prophetarum
1315 5205 1419 5242 non
1467 5195 1587 5242 sunt
1627 5188 1888 5257 persecuti

307 5275 487 5331 patres
516 5262 715 5316 vestri?
756 5260 823 5314 Et
861 5259 1185 5331 occiderunt,
1210 5271 1317 5313 etc.

380 5334 515 5388 Ibid.
557 5332 786 5400 tapidati
817 5340 961 5395 sunt,
996 5329 1124 5383 secti
1167 5339 1313 5396 sunt,
1344 5338 1448 5384 etc.
1494 5325 1625 5382 Mss.
1658 5326 1884 5397 lapidati

308 5402 450 5467 sunt,
475 5405 666 5459 serrati
691 5411 836 5466 sunt,
858 5410 964 5455 etc.

381 5465 517 5529 Ibid.
548 5490 745 5528 necnon
777 5465 828 5527 et
857 5479 1115 5539 secretum
1144 5469 1372 5538 adjicere
1396 5466 1592 5539 Isayte.
1619 5465 1749 5523 Mss.
1775 5483 1886 5521 nec-

312 5563 412 5599 non
444 5555 493 5599 et
524 5554 780 5598 secretum
811 5542 1036 5610 abjicere
1066 5538 1276 5608 Esayoe.

381 5616 515 5670 Ibid.
574 5614 824 5668 auoniam
871 5608 1050 5664 'multu
1098 5619 1419 5665 secretorum
1464 5609 1609 5679 facta
1651 5618 1771 5662 sunt
1812 5608 1877 5661 ab

313 5685 504 5751 impiis,
531 5694 618 5740 etc
663 5683 792 5740 Mss.
820 5682 1072 5752 quoniam
1117 5680 1283 5735 multa
1321 5692 1641 5736 secretorum
1678 5679 1877 5748 scripta

313 5768 428 5809 sunt
455 5755 519 5809 ab
547 5756 747 5824 impiis,
781 5763 885 5824 etc.

378 5827 505 5898 Pag.
546 5816 673 5879 849.
716 5816 821 5878 nisi
844 5823 1135 5898 Zacharias
1177 5821 1565 5886 tantummodo,
1595 5828 1700 5875 etc.
1745 5816 1874 5874 Mss.

311 5895 407 5951 nisi
430 5895 659 5949 :Iz'trias
691 5896 1080 5962 tantummodo,
1100 5902 1204 5948 etc.

578 5990 852 6051 Ρλνιοιιοι..
885 5986 1002 6047 Gn.
1042 5985 1212 6048 XIII.

1484 4058 1617 4117 Mss.
1659 4073 1884 4119 evertere

1217 422 1309 475 AD
1349 420 1683 478 (IIIIGENIS
1720 419 2087 478 COMMENT.
2129 419 2199 476 IN
2243 418 2662 479 MATTIIAEI'M

3429 436 3563 492 I950

2060 545 2195 603 Ibid.
2238 542 2342 601 Sed
2376 553 2426 598 et
2458 544 2514 601 in
2544 547 2774 613 metatis,
2806 554 2911 603 etc.
2963 547 3092 604 Mss.
3135 548 3225 604 Sic
3253 560 3301 605 et
3328 552 3382 605 in
3406 558 3566 612 nicto-

1986 619 2075 681 tis,
2102 629 2210 675 etc.

2058 689 2189 744 Ibid.
2229 690 2285 744 id
2320 705 2399 748 est
2446 690 2678 758 interfici
2714 704 2733 742 :
2768 689 2816 743 si
2839 702 2956 760 post
2984 691 3417 751 destructionem.
3458 705 3565 751 (ιθ.

1987 762 2114 816 Mss.
2147 760 2203 814 id
2240 773 2316 818 est
2374 762 2603 830 interfici
2629 777 2647 815 :
2676 777 2878 831 quare:
2910 763 2958 816 si
2986 775 3103 832 post
3134 762 3565 833 destructionem,

1982 841 2065 888 etc
2077 866 2093 884 ο
3356 874 3363 879 .

2055 900 2204 1024 ibid.
2224 902 2337 1005 1’sub
2374 902 2491 959 alas
2516 944 2531 968 ,
2571 911 2621 956 et
2654 898 2923 959 noluisti!
2975 900 3105 958 Mss.
3138 901 3232 957 sub
3263 918 3486 972 pennas,
3516 916 3564 960 et

2081 987 2161 1024 IIIS
2190 988 2233 1024 2.

1986 971 2205 1027 uoluisti
2220 974 2246 1026 1’

2057 1042 2191 1116 Ibid.
2232 1052 2282 1097 et
2314 1045 2380 1100 de
2416 1045 2531 1114 ipso
2563 1043 2818 1112 scriptum
2847 1050 2945 1107 est,
2978 1054 3082 1098 ctc.
3121 1042 3253 1101 Mss.
3278 1054 3328 1099 et
3348 1045 3414 1099 de
3434 1045 3563 1116 ipsis

1985 1114 2240 1182 scriptum
2265 1125 2363 1180 est,
2396 1125 2500 1169 etc.

2059 1184 2190 1238 Ibid.
2227 1186 2601 1250 comminatus,
2636 1194 2686 1237 ct
2716 1182 3030 1246 nolentibus,
3057 1190 3163 1239 etc.
3204 1182 3333 1242 Mss.
3352 1186 3581 1241 commi-.

1982 1265 2143 1309 natus
2172 1263 2250 1307 est
2278 1257 2597 1319 nolentibus,
2624 1264 2729 1310 etc.

2054 1323 2191 1379 Ibid.
2231 1341 2432 1391 semper
2469 1337 2645 1381 autem
2689 1325 2768 1379 eis
2806 1323 2897 1393 qui
2936 1323 3217 1379 noluerunt
3240 1366 3256 1392 ,
3281 1334 3388 1381 etc.
3425 1326 3563 1385 Mss.

1983 1410 2185 1466 semper
2220 1405 2394 1449 autem
2428 1397 2500 1449 eis
2525 1396 2616 1466 qui
2646 1396 2932 1466 noluerint,
2961 1403 3065 1466 etc.

2055 1463 2187 1529 Png.
2242 1466 2370 1527 850,
2415 1467 2470 1519 id
2498 1463 2577 1519 est
2624 1465 2917 1529 Christum,
2952 1463 3138 1533 donec,
3178 1474 3282 1522 etc.
3345 1466 3478 1524 Mss.
3506 1470 3564 1524 id

1984 1544 2058 1589 est
2086 1536 2356 1589 Christum
2391 1538 2585 1603 ipsum,
2617 1537 2801 1598 donec,
2829 1544 2934 1588 etc.

2055 1606 2188 1660 Ibid.
2224 1606 2279 1658 in
2309 1608 2517 1660 nomine
2544 1606 2637 1659 Dei
2665 1605 2846 1659 Patris
2869 1622 3027 1673 super
3059 1621 3168 1671 cor,
3200 1615 3307 1661 etc.
3347 1607 3474 1663 Mss.
3508 1609 3563 1663 in

1984 1679 2191 1730 nomine
2217 1676 2450 1740 Domini,
2509 1675 2767 1729 etl’atris
2818 1691 2976 1744 super
3039 1693 3148 1739 cor,
3201 1687 3306 1731 etc.
3341 1677 3563 1745 Deinde,

1982 1749 2052 1800 ad
2082 1746 2268 1800 Deum.
2302 1745 2430 1801 Mss.
2458 1747 2527 1799 ad
2550 1763 2690 1800 eum.

2059 1817 2189 1871 Ibid.
2234 1827 2283 1870 ct
2331 1816 2566 1885 Spiritus
2626 1817 2719 1870 Dei
2765 1815 2972 1870 habitat
3020 1818 3075 1871 in
3126 1816 3294 1874 vobis.
3350 1818 3483 1875 Mss.
3510 1831 3564 1875 et

1980 1885 2224 1942 Christus
2258 1887 2351 1942 Del
2373 1887 2579 1940 habitat
2612 1888 2666 1940 in
2692 1886 2854 1940 vobis.

2050 1978 2190 2055 Ibid.
2228 1981 2305 2033 sic
2336 1981 2690 2055 comminatus
2723 1989 2800 2033 est
2833 1977 3029 2055 :_Ecce
3057 1997 3209 2055 nuch
3237 1983 3566 2055 relinquetur

1981 2051 2125 2122 vobis
2152 2051 2351 2122 domus
2374 2062 2546 2122 vestra
2582 2052 2812 2104 deserta.
2846 2049 3131 2122 Audientes
3155 2049 3428 2122 discipuli,
3454 2067 3561 2110 ate.

1984 2119 2075 2176 Sic
2113 2121 2228 2191 lege
2261 2133 2313 2176 ct
2334 2121 2504 2191 junge
2530 2121 2686 2190 juxta
2726 2134 2861 2174 mss.
2891 2121 2968 2173 sic
2996 2119 3348 2177 comminatus
3376 2143 3394 2179 :
3433 2125 3567 2179 Ecce

1980 2207 2120 2314 sane
2139 2190 2463 2313 refinquetur
2487 2192 2628 2245 vobis
2651 2190 2839 2244 domus
2857 2200 3025 2245 vestra
3040 2192 3268 2260 deserta,
3290 2197 3563 2251 audientes

2018 2277 2183 2314 tscmn
2214 2278 2263 2314 ι.
2312 2271 2420 2314 etc.

2018 2262 2232 2331 tscipuli
2248 2303 2263 2329 ,
2312 2271 2420 2317 etc.

2053 2351 2190 2407 Ibid.
2218 2370 2280 2408 ne
2306 2348 2503 2423 faceret
2528 2354 2669 2425 quod
2702 2354 2877 2424 fuerat
2915 2358 3286 2411 comminatus.
3343 2356 3472 2415 Mss.
3500 2377 3565 2416 ne

1983 2425 2177 2494 faceret
2206 2424 2345 2494 quod
2368 2424 2545 2494 facere
2571 2424 2744 2494 fuerat
2768 2427 3138 2481 comminatus.

2055 2492 2377 2572 1333.851.
2417 2495 2508 2564 qui
2545 2492 2861 2572 infidelitate
2890 2496 3102 2566 prtecisi
3133 2507 3277 2553 sunt.
3308 2497 3437 2555 Mss.
3471 2503 3563 2572 qui

1981 2580 2045 2619 ea:
2074 2564 2391 2633 infidelitate
2418 2565 2631 2633 pra'cisi
2650 2575 2794 2619 sunt.

2054 2634 2192 2689 Ibid.
2225 2634 2332 2706 Dic
2355 2635 2505 2706 nobis
2537 2637 2749 2706 quando
2789 2645 2943 2690 erunt
2982 2636 3138 2692 lucc?
3185 2637 3359 2704 Quot?
3409 2639 3563 2706 Quod

1983 2707 2083 2771 ait,
2111 2715 2216 2777 etc.
2287 2704 2417 2777 Mss.
2461 2705 2559 2759 Dic
2604 2705 2750 2760 nobis
2794 2707 3006 2777 quando
3046 2708 3161 2763 lucc
3205 2713 3399 2767 erunt?
3432 2704 3565 2767 Itan:

1982 2776 2141 2846 qute?
2168 2775 2323 2841 Quod
2353 2777 2451 2840 ait,
2479 2785 2587 2831 etc.

2058 2844 2191 2903 Ibid.
2241 2847 2502 2901 secundus
2547 2857 2723 2901 autem
2764 2847 3019 2902 adventus
3043 2848 3263 2905 Christi.
3319 2850 3451 2908 Mss.
3478 2870 3563 2910 se-

1984 2918 2188 2972 cundus
2214 2927 2391 2972 autem
2422 2918 2676 2971 aduentus
2707 2927 2783 2972 est
2808 2917 3027 2973 Christi.

2054 2985 2191 3068 Ibid.
2224 3004 2501 3068 perquam
2527 2989 2656 3041 mihi
2696 2987 2946 3054 mundus,
2969 2999 3075 3045 etc.
3136 2989 3262 3048 Mss.
3290 3009 3385 3064 per
3415 3011 3564 3068 quem

1986 3059 2117 3112 mihi
2149 3058 2398 3122 mundus,
2428 3067 2533 3112 etc.

2060 3149 2196 3204 Ibid.
2242 3147 2554 3221 Necessario
2594 3166 2716 3219 ergo
2756 3150 2848 3218 qui
2886 3151 3074 3221 habent
3104 3153 3367 3221 ﬁduciam
3408 3172 3563 3213 acce-

1986 3220 2146 3275 dendi
2173 3232 2368 3293 secrete
2396 3221 2464 3293 ad
2489 3219 2784 3282 Christum,
2829 3221 2877 3275 si
2906 3220 3081 3276 volunt
3105 3219 3315 3279 'tziscere
3355 3228 3564 3293 signum

1986 3294 2238 3366 adventus
2257 3289 2488 3366 Christi,
2505 3300 2555 3342 et
2580 3293 3050 3366 consummationis
3074 3295 3277 3366 steculi,
3299 3285 3568 3366 praibcant

1985 3378 2039 3438 se
2068 3362 2409 3438 dig_nos,_etc.
2450 3360 2838 3438 Rectius_tuss.
2868 3361 3186 3438 .‘tecessarie
3206 3360 3327 3435 ergo
3350 3369 3441 3438 qui
3505 3385 3568 3423 a-

1987 3431 2107 3503 beut
2130 3431 2388 3503 fiduciam
2428 3432 2709 3486 accedendi
2739 3434 3032 3503 secretead
3059 3431 3566 3503 Cltristum,'voluvt

1986 3502 2189 3556 discere
2228 3501 2436 3570 signum
2467 3503 2720 3555 adventus
2750 3501 2970 3566 Christi,
3006 3513 3055 3555 et
3094 3501 3566 3564 consummationis

1986 3570 2202 3650 circuli,
2241 3570 2639 3650 utprodiﬁcati
2675 3585 2741 3623 ex
2774 3572 3007 3649 eo‘quod
3045 3574 3343 3650 didicerunt
3372 3580 3567 3634 adven-

1989 3650 2099 3693 tum
2138 3640 2360 3706 Christi,
2406 3650 2457 3694 et
2499 3646 3044 3705 consummatgonem,
3099 3644 3365 3713 pta-beant
3406 3665 3460 3702 s:
3480 3652 3567 3703 di.

1986 3725 2136 3780 gnos,
2175 3720 2282 3765 etc.

2060 3803 2195 3859 Ibid.
2227 3819 2365 3857 nunc
2390 3803 2707 3857 Antichriin
2737 3803 2911 3864 multi.
2936 3816 3038 3860 etc.
3070 3805 3197 3863 Mss.
3225 3826 3362 3865 nunc
3388 3824 3565 3872 autem

1986 3874 2305 3929 Antichristi
2340 3873 2520 3940 multi,
2542 3882 2646 3928 etc.

2060 3946 2195 4001 Ibid.
2237 3954 2287 3999 et
2328 3945 2516 3997 asserit
2562 3960 2617 3997 se
2657 3942 2875 3998 Verbum
2910 3962 3041 4011 esse,
3076 3948 3152 4001 sic
3184 3951 3415 4007 enim...
3446 3973 3566 4011 cum

1986 4032 2153 4072 unum
2180 4016 2271 4080 sit,
2300 4014 2438 4084 quod
2463 4023 2539 4067 est
2579 4013 2820 4068 Verbum.
2880 4015 3099 4072 Rectius
3128 4035 3259 4075 mss.
3294 4033 3342 4075 et
3376 4029 3566 4081 asserit

1986 4105 2042 4143 se
2075 4085 2296 4141 Verbum
2338 4101 2448 4138 esse
2475 4084 2594 4148 Dei,
2628 4084 3009 4141 Antichristum
3042 4104 3152 4143 esse
3181 4105 3199 4145 .'
3242 4092 3320 4146 sic
3352 4096 3563 4153 enim...

1987 4175 2107 4215 cum
2135 4172 2297 4210 unum
2330 4157 2423 4220 sit,
2452 4155 2593 4220 quod
2620 4166 2697 4208 est
2728 4172 2924 4212 verum.

2056 4227 2186 4296 Pag.
2228 4225 2353 4281 852.
2394 4225 2619 4279 colorati
2647 4227 2993 4293 sermonibus,
3021 4236 3126 4285 etc.
3159 4228 3288 4288 Mss.
3312 4233 3565 4294 coloratis

1986 4296 2335 4361 sermonibus,
2368 4305 2472 4352 etc.

2059 4391 2196 4470 Ibid.
2244 4389 2508 4456 Quoniam
2555 4390 2691 4470 sicut
2740 4392 2794 4444 in
2834 4394 3064 4461 peccatis
3109 4397 3425 4470 mortalibus
3466 4416 3565 4470 pu-

1988 4463 2169 4520 niendi
2218 4476 2424 4528 sumus,
2460 4461 2688 4531 amplius
2743 4474 2985 4531 propter,
3008 4477 3115 4518 etc.
3175 4465 3395 4523 Rectius
3426 4461 3561 4526 niss.

1987 4536 2241 4606 quoniam
2283 4532 2330 4586 si
2374 4532 2429 4584 in
2462 4533 2694 4601 peccatis
2726 4534 3018 4588 muralibus
3055 4538 3309 4604 puniendi
3355 4557 3561 4605 sumus,

1989 4604 2221 4675 amplius
2244 4611 2478 4672 propter,
2508 4610 2614 4658 etc.

2060 4691 2190 4759 Pag.
2223 4690 2351 4744 855.
2402 4688 2576 4763 Pauci
2615 4700 2795 4763 autem
2834 4692 2926 4763 qui
2976 4694 3264 4760 inveniant,
3291 4707 3395 4752 etc.
3429 4697 3560 4755 Mss.

1991 4763 2161 4816 Pauci
2190 4770 2367 4815 autem
2393 4761 2483 4831 qui
2512 4761 2805 4826 inveniunt,
2836 4761 2940 4817 etc.

2061 4832 2196 4888 Ibid.
2228 4830 2317 4886 sed
2342 4830 2585 4901 utrinque
2606 4833 2780 4900 posuit
2805 4851 2822 4886 :
2848 4833 3115 4897 Audietis,
3161 4846 3263 4892 etc.
3309 4838 3438 4894 Mss.
3472 4846 3563 4896 sed

1988 4914 2268 4973 utrumque
2296 4902 2471 4973 posuit
2494 4918 2514 4973 .f
2539 4902 2805 4973 Audietis,
2838 4912 2943 4956 etc.

2057 4971 2351 5045 P394854.
2382 4971 2464 5045 Et
2484 4971 2710 5045 forsitan
2742 4973 3024 5045 adirersis
3059 4974 3267 5045 alariis,
3294 4989 3401 5035 etc.
3430 4979 3559 5036 Mss.

1989 5044 2056 5099 Et
2079 5041 2309 5114 forsitan
2336 5044 2389 5096 in
2411 5042 2632 5114 diversis
2653 5041 2860 5111 gloriis,
2881 5052 2985 5098 etc.

2058 5112 2192 5169 Ibid.
2225 5125 2503 5189 postquam
2535 5112 2742 5189 locutus
2774 5124 2864 5189 est.
2887 5114 2950 5165 de
2978 5113 3200 5181 prceliis.
3249 5115 3381 5175 Mss.
3418 5133 3556 5189 post-

1985 5202 2144 5257 quam
2175 5189 2285 5238 hwc
2315 5182 2520 5237 locutus
2542 5191 2619 5237 est
2648 5183 2712 5235 de
2734 5182 2956 5252 prwlits.

2056 5277 2193 5335 Ibid.
2257 5281 2361 5349 sed
2402 5291 2504 5329 non
2554 5274 2910 5349 cujuscunque
2952 5274 3177 5329 hominis
3218 5293 3328 5349 esse
3359 5294 3566 5349 praepu-

1985 5365 2124 5410 rare.
2157 5358 2265 5405 etc.
2315 5346 2447 5401 Mss.
2479 5346 2569 5400 sed
2616 5361 2719 5398 non
2761 5348 3120 5414 cujuscunque
3151 5346 3381 5402 hominis
3407 5346 3482 5404 est
3507 5368 3565 5407 se

1983 5434 2323 5491 praeparare,
2341 5429 2448 5473 etc.

2058 5489 2190 5560 Pag.
2224 5488 2348 5543 855.
2388 5496 2443 5541 ut
2480 5503 2543 5541 ea
2566 5501 2712 5555 pars,
2746 5495 2851 5538 etc.
2883 5483 3043 5553 Lege,
3076 5495 3220 5538 utea
3255 5504 3384 5556 par,
3416 5500 3526 5546 etc.

2055 5580 2191 5635 Ibid.
2224 5581 2326 5649 ipsi
2357 5579 2495 5633 sales
2521 5577 2598 5647 (ut
2623 5576 2931 5641 secundum,
2961 5587 3067 5630 ctc.
3100 5575 3233 5633 Mss.
3272 5580 3372 5650 ipsi
3398 5591 3563 5648 sales,

1987 5662 2110 5707 tunc
2135 5660 2211 5721 (ut
2235 5652 2541 5713 secundum,
2569 5658 2673 5704 etc.

2058 5742 2196 5798 Ibid.
2241 5742 2305 5795 ab
2353 5739 2703 5810 adversariis.
2735 5737 3056 5810 virtutibus,
3108 5740 3321 5810 quando
3365 5741 3560 5810 fuerint

1987 5815 2125 5868 sales
2155 5820 2453 5882 tcrrte,clc_.
2488 5809 2617 5863 Mss.
2653 5809 2717 5862 ab
2746 5810 2977 5862 adversis
3011 5808 3322 5877 virtutibus,
3353 5808 3567 5882 quando

1990 5902 2092 5939 non
2125 5883 2323 5954 fuerint
2352 5880 2491 5935 sales
2528 5892 2703 5940 terrae.
2732 5890 2840 5934 etc.

3251 5970 3327 6031 Bt
