4084 6302
375 397 509 454 I955

439 511 568 580 Pag.
611 510 734 566 867.
783 528 885 580 qua
927 511 992 564 do
1040 511 1276 578 ."guitus
1316 510 1473 576 fuerit
1513 509 1604 562 ille
1641 510 1949 564 obscuratur

442 530 511 566 l’a
554 553 568 566 ο
611 530 734 566 δίη.
783 530 885 580 qua
927 530 992 564 αθ
1040 530 1276 578 ."gumts
1316 530 1473 576 ptent
1513 530 1604 562 τυ(
1641 530 1946 564 ουδειιναιιω

369 584 467 634 sol.
487 530 616 637 bfss.
647 582 1108 652 quandoarguitus
1137 581 1296 652 fuerit
1326 580 1415 632 ille
1442 579 1591 652 solet
1617 581 1946 652 obscuralus.

443 652 577 706 Ibid.
623 649 672 706 et
706 652 875 706 omnis
903 649 992 721 qui
1020 651 1270 719 portavit,
1302 660 1409 703 etc.
1440 649 1572 703 Mss.
1603 661 1649 703 et
1687 651 1828 702 omni
1855 650 1946 716 qui

363 723 620 790 portavit,
649 730 754 776 etc.

442 791 574 846 Ibid.
624 791 778 861 quasi
802 790 893 859 qui
919 791 971 842 in
1007 790 1248 846 tribubus
1276 799 1452 843 terraz.
1503 788 1630 841 Mss.
1671 790 1824 858 quasi
1857 791 1946 860 qui

368 862 474 916 sint
514 861 680 914 tribus
711 871 951 914 terrente.

442 931 576 985 Ibid.
609 947 766 1000 super
794 932 970 999 capita
1002 946 1097 986 sua
1124 946 1323 984 cornua
1359 942 1573 996 septem.
1612 929 1737 984 Mss.
1771 939 1818 983 et
1853 946 1947 982 su-

367 1017 459 1070 per
492 1004 753 1070 capitibus
785 1002 894 1053 suis
924 1016 1147 1053 coronas
1178 1011 1395 1068 septem.

439 1067 571 1124 Ibid.
602 1079 888 1140 exponetur
917 1080 1094 1123 autent
1124 1080 1351 1136 tempore
1391 1084 1485 1122 suo
1505 1109 1519 1134 ,
1554 1079 1657 1125 etc.
1694 1067 1823 1123 Mss.
1853 1083 1945 1122 ex.-

362 1150 625 1207 poncntur
646 1149 820 1193 autem
857 1149 1084 1207 tempore
1111 1155 1229 1201 suo,
1259 1147 1364 1194 etc.

441 1209 576 1264 Ibid.
611 1209 928 1279 diademata
958 1225 1051 1276 per
1075 1210 1307 1279 singulos
1333 1210 1422 1279 qui
1436 1210 1734 1279 junquntur
1775 1211 1944 1274 susci-

363 1281 465 1348 pit,
500 1289 604 1334 etc.
638 1279 767 1334 Mss.
801 1278 1110 1334 diademata
1139 1278 1232 1349 per
1255 1278 1488 1349 singulos
1517 1278 1606 1350 qui
1637 1283 1940 1343 vincuntur,

365 1350 611 1419 suscipit,
635 1360 740 1419 etc.

436 1418 571 1474 Ibid.
615 1418 727 1472 Has
774 1431 951 1475 autem
999 1419 1342 1488 principales,
1399 1428 1502 1474 etc.
1553 1418 1681 1475 Mss.
1739 1419 1940 1474 Horum

360 1500 540 1542 autem
575 1489 922 1558 principales,
951 1499 1056 1544 etc.

434 1557 583 1612 Ibid.
610 1568 658 1612 et
692 1561 834 1613 misit
870 1575 984 1613 eam
1016 1562 1069 1614 in
1100 1568 1316 1612 terram.
1351 1557 1480 1613 Mss.
1516 1568 1564 1611 et
1600 1560 1740 1612 misit
1773 1577 1860 1614 cas
1889 1559 1940 1613 in

369 1640 586 1682 terram.

440 1700 569 1752 Ibid.
600 1708 649 1751 et
693 1715 940 1768 percussa
970 1709 1046 1753 est
1087 1700 1242 1752 tertia
1299 1714 1424 1766 pars
1457 1698 1617 1764 Iunce,
1669 1709 1772 1753 ctc.
1807 1699 1938 1754 Mss.

364 1780 412 1821 et
481 1785 729 1837 percussa
794 1780 871 1825 est
925 1771 1081 1823 tt'rtia
1136 1785 1260 1838 pars
1303 1768 1467 1834 solis,
1517 1780 1564 1822 et
1610 1771 1767 1822 tertia
1815 1788 1939 1839 pars

365 1839 526 1904 ιηηω,
555 1848 658 1892 etc.

434 1906 563 1977 Pag.
593 1907 718 1963 868.
751 1911 886 1963 sicut
919 1909 1106 1963 stellw.
1137 1907 1266 1963 Mss.
1301 1909 1435 1961 sicut
1465 1908 1633 1962 stella?
1656 1910 1793 1962 (ατη.

433 1979 568 2032 Ibid.
602 1979 684 2030 Ad
717 1994 848 2048 quos
891 1979 1296 2048 respondeamus
1319 2018 1333 2040 ,
1367 1988 1470 2032 etc.
1510 1978 1639 2032 Mss.
1690 1980 1768 2032 Ad
1810 1997 1939 2050 quos

363 2049 756 2116 respondemus,
784 2059 889 2103 etc.

437 2119 569 2172 Ibid.
595 2127 642 2171 et
671 2129 946 2189 postquam
985 2119 1288 2189 tractaverit
1318 2119 1524 2170 rerbnm
1543 2158 1556 2180 ,
1585 2126 1689 2171 etc.
1725 2117 1854 2172 Mss.
1889 2129 1938 2174 et

363 2200 637 2257 postquam
670 2187 976 2242 tractaverit
1005 2187 1199 2251 locum,
1231 2198 1337 2243 etc.

439 2258 570 2310 Ibid.
603 2273 780 2317 coram
816 2259 981 2311 tribus
1011 2259 1396 2321 tantummodo,
1427 2269 1532 2312 etc.
1565 2257 1695 2313 Mss.
1728 2269 1940 2328 propter

363 2337 468 2378 tres
500 2328 882 2389 tantummodo,
913 2339 1015 2380 (ἰν.

435 2395 568 2466 I’ag.
603 2395 725 2449 869.
754 2409 798 2449 ct
826 2399 916 2466 qui
945 2413 1062 2450 eum
1087 2404 1437 2466 pupugerunt.
1473 2393 1602 2449 Mss.
1635 2407 1683 2450 et
1715 2399 1939 2468 quicun-

364 2481 462 2534 que
482 2482 600 2519 eum
627 2481 731 2534 non
758 2477 1080 2534 punxerunt.

436 2535 567 2604 Pag.
597 2533 722 2588 870.
760 2533 816 2588 in
841 2534 1340 2591 consummationem
1385 2535 1566 2590 steculi
1589 2578 1603 2601 ,
1645 2545 1751 2591 etc.
1802 2537 1934 2594 Mss.

363 2607 420 2658 in
448 2608 899 2661 consummatione
929 2608 1132 2669 seculi,
1157 2615 1262 2660 etc.

435 2675 570 2748 Ibid.
597 2677 688 2744 qui
719 2677 1056 2732 inveniuntur
1089 2678 1144 2731 in
1168 2691 1402 2745 corpore,
1433 2684 1537 2730 etc.
1569 2673 1700 2732 Mss.
1735 2677 1826 2748 qui
1851 2677 1936 2731 in-

366 2747 633 2800 venientur
655 2749 972 2816 incorpore,
999 2758 1104 2802 etc.

437 2816 570 2869 Ibid.
620 2815 725 2869 nisi
766 2816 905 2885 forte
935 2833 1022 2871 eos
1052 2817 1176 2887 qui,
1208 2824 1315 2871 etc.
1363 2815 1494 2872 Mss.
1539 2815 1644 2869 nisi
1684 2815 1823 2886 forte
1858 2817 1933 2872 eis

395 2887 472 2940 ui.
503 2894 610 2940 etc.

365 2901 1022 3022 “Ibifi‘fbcmmorantur,
1052 2955 1459 3026 congregabant.
1490 2955 1644 3012 Adde
1672 2967 1931 3026 punctum

361 3032 486 3098 post
537 3035 951 3098 commorantur,
1018 3027 1090 3082 ita
1140 3025 1201 3082 ut
1246 3025 1644 3096 Congregabunt
1676 3025 1681 3026 ⁷
1709 3027 1933 3098 incipiat

365 3096 528 3149 aliam
555 3096 823 3164 phrasim.

431 3163 569 3222 Ibid.
599 3166 667 3218 ad
693 3167 1114 3236 congregandum
1144 3167 1222 3235 ei,
1268 3174 1374 3220 etc.
1413 3163 1586 3236 Lege,
1642 3166 1712 3219 ad
1751 3182 1933 3221 conre-

362 3237 630 3303 qnandum
660 3237 730 3301 ei,
757 3247 859 3290 etc.

624 3304 800 3360 Filius
845 3307 911 3360 de
958 3307 1041 3362 his
1085 3307 1205 3378 qui,
1259 3313 1369 3362 etc.
1419 3303 1552 3360 Mss.
1615 3303 1792 3358 Filius
1851 3305 1934 3358 lus

397 3384 472 3433 ut.
500 3384 606 3430 etc.

363 3391 708 3518 Isqe
731 3458 779 3504 et
811 3448 1101 3517 prophetis,
1135 3455 1242 3501 etc.
1268 3443 1396 3498 Mss.
1435 3462 1466 3496 a
1493 3444 1602 3512 lege
1635 3454 1682 3497 et
1710 3446 1934 3514 prophe-

363 3516 452 3578 tis,
476 3525 584 3570 etc.

434 3583 570 3652 Pag.
592 3584 716 3638 87I.
755 3583 959 3637 Iterum
996 3583 1260 3651 suscepit,
1285 3591 1390 3635 etc.
1416 3579 1546 3635 Mss.
1589 3581 1703 3647 bis,
1730 3579 1935 3634 lterum

361 3660 603 3717 suscipit,
625 3664 728 3706 etc.

438 3670 925 3790 ’cflgerfectio
951 3736 1066 3790 qua:
1102 3720 1155 3772 in
1190 3733 1249 3772 eo
1273 3729 1369 3772 est.
1419 3717 1550 3772 Mss.
1597 3727 1934 3785 constanter,

361 3801 409 3844 et
441 3790 689 3860 perfectio
717 3808 834 3859 qua
871 3794 924 3844 in
957 3809 1017 3844 ea
1040 3798 1138 3844 est.

435 3856 570 3915 Ibid.
616 3856 903 3915 multarum
935 3859 1386 3915 conrersationum
1414 3859 1594 3920 initia,
1638 3864 1744 3911 etc.
1799 3856 1930 3915 Mss;

367 3931 537 3984 multa
568 3934 1020 3985 conversationum
1054 3929 1230 3991 initia,
1255 3940 1360 3982 etc.

435 4001 568 4055 Ibid.
600 4018 661 4054 ac
691 4011 747 4055 ut
777 4002 896 4071 plus
933 4006 1142 4062 dicunt,
1170 4009 1274 4054 etc.
1308 3997 1439 4053 Mss.
1480 3996 1707 4066 amplius
1744 4008 1799 4052 ut
1847 3998 1935 4051 di-

363 4088 500 4132 cam,
533 4080 640 4126 θιο.

434 4141 568 4195 Ibid.
594 4150 642 4196 et
671 4150 724 4194 tu
756 4141 908 4194 dabis
935 4139 1371 4210 signiﬁcationem
1391 4180 1406 4204 ,
1438 4147 1543 4191 etc.
1576 4135 1706 4190 Mss.
1751 4145 1802 4190 et
1845 4146 1932 4190 tu-

361 4213 507 4282 bttbis
536 4212 1000 4282 significationem,
1026 4221 1132 4282 etc.

432 4279 800 4357 Ibidfcastrn
853 4282 942 4352 qui
983 4279 1318 4341 consistunt,
1369 4285 1547 4331 etc...
1595 4283 1774 4328 castra
1841 4279 1933 4357 qui

361 4361 524 4418 sunt,
575 4362 680 4406 etc.
739 4351 871 4406 Mss.
931 4357 1278 4412 constanter,
1337 4358 1515 4400 castra
1580 4361 1698 4416 qua:
1765 4351 1933 4399 cousi-

363 4433 528 4486 stunt,
557 4432 709 4476 etc...
737 4433 915 4474 castra
943 4436 1060 4486 qua:
1085 4426 1228 4483 sunt,
1263 4428 1368 4471 etc.

433 4484 565 4546 Ibid.
606 4495 657 4544 in
694 4493 896 4544 ordine.
941 4484 1274 4552 Secundum,
1319 4495 1425 4541 etc.
1473 4484 1604 4542 Mss.
1651 4485 1704 4539 in
1745 4485 1929 4539 ordine

359 4578 476 4614 suo.
513 4559 831 4625 Secundum,
866 4569 971 4614 etc.

429 4632 557 4700 I’ag.
605 4630 732 4683 872.
778 4646 870 4700 per
908 4646 1004 4700 eas
1057 4626 1804 4700 significationestubarum.
1838 4626 1927 4700 .ad

361 4694 672 4754 salraZdum
697 4739 713 4766 ,
754 4694 858 4754 (te.
906 4699 1036 4755 Mss.
1082 4694 1173 4767 p'er
1204 4714 1292 4750 eas
1323 4697 1735 4767 significationes
1771 4694 1928 4749 tuba-

363 4787 503 4833 rum,
535 4769 752 4823 bellicas
781 4787 883 4832 res,
921 4771 988 4822 ad
1023 4768 1365 4829 salvandttm,
1399 4777 1504 4820 etc.

432 4840 562 4894 Ibid.
592 4841 828 4908 exempto
855 4849 903 4895 et
930 4846 1115 4892 umbra
1146 4837 1366 4891 caelestis
1397 4837 1640 4902 culturar,
1665 4843 1772 4890 etc.
1796 4833 1925 4890 Mss.

359 4910 598 4980 exempla
625 4920 672 4980 et
709 4911 918 4962 umbras
949 4909 1168 4964 cazlestt's
1195 4911 1435 4980 cultui-re,
1469 4916 1572 4980 etc.

434 4972 580 5051 Ibid.
617 4977 813 5048 Scitote
844 4981 970 5051 quia
998 4995 1156 5050 prope
1182 4977 1356 5051 estAin
1399 4977 1601 5030 limine.
1646 4973 1777 5029 Mss.
1815 4972 1932 5028 Sci-

363 5060 470 5122 tote
494 5050 620 5122 quia
651 5066 808 5118 prope
833 5047 909 5104 est
945 5047 1158 5118 regnum
1191 5047 1309 5100 Dei.

433 5115 568 5176 Ibid.
610 5115 763 5174 verba
803 5129 981 5173 autem
1003 5115 1140 5172 'mea
1177 5133 1281 5171 non
1309 5116 1589 5171 transient.
1622 5115 1751 5172 Mss.
1778 5116 1929 5169 verba

362 5201 533 5246 autent
561 5206 675 5244 mea
701 5206 802 5243 non
833 5189 1192 5259 prceteribunt.

433 5261 561 5316 Ibid.
608 5261 712 5314 tale
760 5251 962 5332 aliquid
1003 5260 1061 5332 fit
1104 5257 1263 5332 quod
1290 5257 1368 5332 de
1395 5255 1554 5332 beato
1578 5255 1778 5332 dicitur
1811 5251 1927 5332 illo,

365 5332 501 5400 quod
523 5333 647 5394 erit,
671 5341 776 5385 etc.
799 5325 928 5386 Mss.
959 5329 1065 5382 talo
1095 5325 1299 5396 aliquid
1322 5329 1391 5380 sit
1415 5326 1554 5397 quod
1576 5329 1640 5378 de
1669 5325 1818 5378 beato
1845 5325 1929 5377 di-

362 5404 501 5454 citur
528 5401 642 5464 illo,
667 5402 915 5470 quoniam
945 5402 1070 5464 erit,
1093 5408 1194 5470 etc:

433 5470 564 5525 Ibid.
619 5461 755 5525 sicut
799 5461 1065 5540 scrip:urn'
1083 5470 1138 5522 in
1165 5464 1407 5531 Cantico,
1451 5474 1558 5520 etc.
1609 5461 1737 5518 Mss.
1792 5463 1928 5517 sicut

359 5543 617 5615 scriptum
643 5551 720 5615 est
752 5543 805 5594 in
836 5539 1082 5615 Cantica.
1109 5548 1212 5615 etc.
1342 5613 1350 5615 _
1879 5603 1892 5615 .

428 5603 564 5666 Ibid.
595 5613 831 5680 eti/ictis,
861 5610 915 5663 id
941 5619 1018 5663 est
1052 5607 1300 5680 mundus,
1332 5613 1564 5680 tenerum
1614 5619 1842 5666 ramum,
1873 5603 1929 5655 id

359 5693 458 5747 est,
489 5689 597 5736 etc.
629 5677 759 5736 Mss.
784 5677 833 5735 et
857 5680 1012 5749 ficus,
1040 5678 1202 5749 idest
1244 5677 1500 5749 mundum
1527 5683 1810 5734 terrenum,
1835 5689 1929 5726 ra-

360 5745 536 5815 mum,
570 5749 624 5802 id
648 5761 746 5818 est,
795 5745 898 5804 etc.
946 5749 1051 5803 Sed
1094 5747 1378 5823 legendum
1417 5745 1650 5803 videtur,
1699 5754 1929 5794 tenerum.

358 5837 585 5877 νἰιηηιηι.

1253 395 1344 448 AD
1383 392 1707 449 ORICENIS
1743 391 2100 446 COMMENT.
2143 389 2209 444 IN
2251 390 2692 448 MAT’I‘IUEUM.

3488 393 3618 448 ἱεΒὶ

2129 506 2262 561 Ibid.
2299 517 2348 561 et
2381 517 2616 561 maturos
2647 506 2858 561 Christo
2896 508 3028 577 ficus
3075 507 3366 577 pra‘stabit.
3413 507 3542 567 Mss.
3576 521 3626 569 et

2057 589 2296 632 maturos
2319 577 2531 631 Christo
2561 578 2766 646 fructus
2793 578 3087 646 prwstabit.

2123 648 2256 702 Ibid.
2313 649 2446 720 ligus
2503 647 2651 720 bona'
2715 647 3032 720 bonte‘suut
3087 647 3624 720 ralde,_congrcga-

2049 727 2145 783 tre,
2194 727 2299 772 etc.
2350 716 2480 772 Mss.
2528 718 2662 787 ﬁcus
2709 718 2829 771 boni
2865 717 2986 771 boni
3019 727 3141 771 sunt
3192 717 3377 780 valde,
3411 716 3627 790 congre-

2085 791 2184 852 ati,
2211 797 2317 844 etc.

2085 805 2160 842 au
2211 805 2317 844 etc.

2048 805 2252 929 {-III’III.
2307 872 2371 910 ea:
2423 858 2610 928 quibus
2671 857 2907 927 accipere
2957 857 3084 912 vult.
3145 856 3274 912 Mss.
3326 873 3390 912 ex
3436 861 3624 929 quibus

2047 925 2290 996 Christus
2322 925 2555 996 accipere
2585 929 2714 982 vult.

2117 995 2250 1070 Ibid.
2300 995 2554 1065 largiores
2586 999 2792 1066 fructus
2817 997 3100 1065 producit,
3125 1008 3228 1052 etc.
3268 997 3394 1053 Mss.
3431 999 3625 1070 largio-

2047 1082 2127 1118 res
2159 1067 2363 1135 fructus
2391 1071 2664 1135 producet,
2695 1077 2799 1122 etc.

2119 1135 2252 1191 Ibid.
2284 1138 2352 1189 ad
2379 1146 2616 1191 aestatem
2657 1137 2904 1207 festinet,
2939 1147 3044 1195 etc.
3093 1136 3224 1194 Mss.
3275 1139 3345 1192 ad
3389 1148 3623 1194 a’statem

2045 1205 2286 1274 festinat,
2311 1217 2416 1260 etc.

2117 1276 2249 1348 Ibid.
2268 1278 2549 1348 proferant
2583 1276 2736 1344 folia,
2763 1285 2868 1348 etc.
2898 1275 3025 1332 Mss.
3053 1279 3317 1348 profercnt
3345 1279 3620 1345 folia,ctc.

2113 1344 2240 1415 Pag.
2260 1344 2385 1400 873.
2407 1347 2458 1399 in
2484 1346 2754 1401 Christum
2780 1344 3304 1403 es'ltibeantus.'Mss.
3333 1344 3381 1403 in
3409 1350 3621 1404 Christo

2046 1415 2405 1471 exhibeamus.

2119 1486 2254 1558 Ibid.
2277 1487 2450 1558 dicere
2472 1486 2918 1558 potuerint.Mss.
2947 1489 3119 1541 dicere
3152 1491 3403 1558 poterint.

2111 1554 2242 1610 Ibid.
2277 1556 2386 1610 hazc
2414 1566 2621 1610 tantum
2654 1557 3026 1625 intelligentes.
3078 1554 3210 1613 Mss.
3264 1561 3360 1613 hoc
3414 1570 3618 1614 tantum

2046 1627 2217 1695 intelli
2221 1637 2416 1695 gentes.

2115 1694 2245 1765 Pagi.
2281 1696 2409 1753 874.
2459 1705 2508 1750 et
2555 1696 2816 1767 quomodo
2847 1697 2942 1751 hoc.
2971 1699 3242 1752 abscondit
3284 1698 3464 1764 Pater,
3509 1709 3621 1756 etc.

2045 1764 2176 1820 Mss.
2205 1764 2256 1818 et
2285 1782 2448 1835 quare
2475 1764 2576 1820 hoc
2605 1766 2879 1820 abscondit
2911 1769 3093 1834 Pater,
3122 1777 3226 1826 etc.

2113 1835 2247 1911 Ibid.
2299 1837 2438 1911 quod
2494 1855 2525 1890 a
2572 1835 2849 1890 Saluatore
2896 1847 3132 1907 tempus,
3172 1847 3276 1893 etc.
3318 1837 3448 1900 Mss.
3480 1841 3618 1911 quod

2048 1907 2274 1977 etiame
2300 1906 2576 1960 Saluatore
2613 1917 2832 1977 tempus,
2863 1919 2966 1962 etc.

2116 1973 2250 2029 Ibid.
2301 1992 2404 2030 non
2445 1986 2617 2050 tamen
2661 1973 2725 2050 ut:
2745 1979 2938 2032 veniret
2974 1977 3092 2050 jam
3133 1980 3293 2050 quod,
3329 1987 3436 2034 tte.
3485 1977 3615 2036 Mss.

2049 2061 2152 2118 non
2180 2054 2289 2118 tam
2318 2055 2374 2099 ut
2405 2048 2600 2100 veniret
2627 2048 2676 2099 ei
2696 2048 2812 2116 jam
2843 2049 3004 2118 quod,
3039 2059 3144 2103 etc.

2117 2114 2271 2192 Ibid._
2307 2114 2706 2192 prwceptis__et
2760 2114 3250 2173 denuntiationibus
3283 2121 3462 2192 quasi
3512 2137 3616 2173 non

2045 2186 2554 2257 pran'eniente,_rte.
2602 2185 2732 2240 Mss.
2769 2192 2821 2242 in
2854 2192 3129 2257 pra’t‘cptis
3172 2198 3220 2242 et
3255 2185 3616 2243 denuntiatio-

2045 2255 2198 2326 nibus
2222 2256 2378 2325 quasi
2411 2255 2518 2309 Deo
2543 2272 2642 2309 non
2673 2255 3031 2326 prwﬁniente,‘
3051 2268 3154 2312 tte.

2118 2323 2250 2400 Ibid.
2283 2326 2375 2400 qui
2402 2327 2634 2380 subdidit
2674 2323 2895 2396 omnia,
2929 2323 3034 2383 etc.
3068 2328 3198 2383 Mss.
3232 2329 3322 2400 qui
3364 2330 3466 2383 sibi
3493 2331 3625 2384 sub--

2043 2393 2181 2447 didit
2211 2393 2408 2458 omnia,
2432 2405 2537 2449 etc.

2116 2462 2247 2518 Ibid.
2283 2464 2350 2517 Et
2381 2466 2585 2536 videtur
2613 2483 2704 2535 per
2745 2467 2854 2520 Iure
2897 2467 3072 2521 dicere
3101 2468 3470 2536 subjectionem
3502 2487 3616 2524 om-

2045 2534 2222 2606 nium,
2254 2536 2512 2606 quiietc.
2541 2534 2673 2606 Mss.
2712 2537 2776 2589 Et
2804 2538 3004 2591 videtur
3031 2554 3122 2606 per
3157 2534 3265 2592 ha'c
3294 2541 3464 2591 dicere
3489 2541 3614 2594 sub-

2035 2602 2334 2681 jec_t_ionem‘
2355 2604 2490 2681 Filii
2514 2605 2634 2673 fieri
2658 2602 3286 2681 subjectionem'omnium
3305 2651 3320 2671 ,
3347 2609 3437 2681 qui
3459 2650 3474 2676 ,
3505 2619 3611 2664 etc.

2113 2672 2555 2746 Ibid._‘Ect-lesia,
2584 2691 2701 2744 qua:
2733 2672 2809 2730 est
2834 2694 3019 2745 corpus
3045 2719 3057 2740 ,
3101 2679 3259 2731 nescit
3306 2672 3474 2746 diem,
3505 2691 3606 2734 etc.

2040 2740 2172 2816 Mss.
2239 2743 2514 2810 Ecclesia,
2581 2740 2697 2815 quin
2765 2757 2841 2800 est
2898 2740 3084 2816 conus
3146 2747 3381 2814 Christi,
3449 2740 3612 2804 nescit

2041 2815 2179 2868 diem
2203 2853 2218 2880 ,
2249 2824 2354 2868 etc.

2106 2882 2236 2956 Pag.
2264 2883 2389 2939 875.
2416 2885 2643 2939 nondum
2671 2885 2809 2940 enim
2843 2897 3162 2956 receperunt,
3188 2897 3292 2942 etc.
3323 2887 3449 2944 Mss.
3483 2906 3614 2945 non-

2039 2953 2521 3026 dumfreceperunt,
2543 2966 2642 3010 etc.
2657 2997 2672 3019 ,
2702 2956 2907 3026 absque
2929 2953 3086 3026 enim.

2109 3021 2242 3095 Ibid.
2289 3021 2382 3091 per
2405 3024 2501 3078 ltoc
2533 3021 2856 3088 declaratur,
2889 3037 2994 3081 etc.
3045 3025 3172 3081 Mss.
3202 3043 3295 3095 per
3339 3027 3435 3082 hoc
3477 3027 3613 3082 illud

2040 3093 2367 3156 declaratur,
2391 3106 2497 3149 etc.

2055 3234 2065 3244 .
2114 3161 2248 3215 Ibid.
2284 3168 2416 3244 sicut
2449 3166 2558 3244 fur,
2589 3166 2666 3219 ita
2698 3165 2749 3218 in
2780 3177 2927 3219 nocte
2963 3165 3150 3218 veniet.
3195 3163 3324 3220 Mss.
3354 3169 3490 3221 sicut
3523 3168 3614 3236 fur

2047 3236 2099 3285 in
2129 3244 2298 3297 nocte,
2333 3236 2410 3286 ita
2443 3236 2626 3288 t'eniet.

2107 3300 2242 3356 Ibid.
2276 3303 2435 3357 Docet
2477 3321 2570 3356 nos
2611 3305 2892 3374 quoniam,
2937 3313 3044 3359 etc.
3094 3303 3224 3360 Mss.
3271 3303 3432 3360 Docet
3476 3308 3613 3360 enim

2036 3387 2131 3440 nos
2152 3374 2422 3440 quoniam,
2446 3385 2550 3428 etc.

2107 3439 2238 3509 Pag.
2270 3439 2462 3497 876.7a
2508 3442 2732 3496 Domino
2781 3443 2994 3510 fuerant
3037 3445 3346 3500 constituta.
3401 3444 3530 3501 Mss.
3579 3465 3610 3500 a

2038 3507 2263 3562 Domino
2287 3511 2495 3566 fuerant
2523 3513 2572 3565 ei
2595 3507 2902 3566 constituta.

2110 3576 2244 3630 Ibid.
2279 3576 2422 3655 Talis
2449 3581 2584 3634 enim
2615 3592 2690 3634 est
2725 3598 2914 3647 omnis,
2943 3593 3047 3636 etc.
3076 3581 3206 3636 Mss.
3238 3583 3384 3641 Talis
3414 3596 3489 3638 est
3516 3603 3612 3638 au-

2039 3652 2138 3697 tem
2166 3652 2354 3710 omnis,
2382 3655 2485 3702 etc.

2109 3713 2239 3784 Pag.
2272 3715 2395 3788 877.
2423 3719 2634 3786 quando
2657 3729 2704 3771 et
2734 3720 2982 3788 sepelieris
3010 3735 3111 3772 non
3145 3720 3474 3788 vigilantem,
3498 3734 3606 3778 clo.

2038 3780 2410 3855 Ms_s.qnando
2435 3780 2484 3838 'ct
2511 3789 2742 3852 spoliatis
2770 3780 2871 3842 non
2906 3780 3230 3855 vigilantem,
3261 3799 3367 3844 etc.

2109 3850 2242 3908 Ibid.
2298 3850 2766 3924 Alioqui'outem,
2813 3869 2918 3913 etc.
2956 3850 3099 3913 Mss.
3169 3850 3462 3915 Aliauoties
3508 3880 3609 3917 au-

2039 3930 2159 3982 tem,
2197 3933 2302 3978 CIC.

2108 3990 2245 4068 Ibid.
2297 3992 2388 4064 qui
2432 3993 2642 4062 furatus
2675 3997 2883 4066 fuerat,
2930 4005 3034 4050 etc.
3089 3996 3220 4052 Mss.
3255 3997 3347 4064 qui
3393 3999 3609 4068 furatus

2037 4059 2216 4128 fuerit,
2247 4059 2350 4116 etc.

2274 4133 2613 4207 manifestato
2645 4134 2774 4203 furi.
2807 4133 2940 4189 Mss.
2973 4138 3311 4207 manifestato
3341 4141 3481 4206 fure.

2109 4199 2242 4256 Ibid.
2275 4213 2323 4278 et
2359 4199 3075 4278 oleum_per'_nteditatiottem
3103 4199 3358 4278 infundit;
3395 4212 3526 4268 Mss.
3559 4227 3608 4267 et

2037 4271 2207 4342 olemn
2237 4273 2285 4326 ei
2313 4288 2404 4340 per
2433 4275 2822 4327 meditationem
2847 4275 3102 4342 infundit.

2080 4341 2242 4420 _|biul.
2272 4341 2413 4423 'Dies
2445 4352 2619 4397 autem
2645 4345 2831 4399 instat.
2878 4341 3008 4398 Mss.
3045 4347 3167 4403 Dies
3198 4359 3380 4406 autem
3417 4368 3600 4421 appro-

2035 4423 2324 4480 ptnquavtt.
2347 4465 2354 4470 ,

2110 4482 2685 4557 Ibit|_.__.‘Ilius_quidem
2739 4486 3134 4557 reprehenditur
3185 4487 3448 4557 vigilans,
3499 4503 3584 4550 etc

2038 4549 2166 4626 Mss.
2198 4551 2346 4626 Alius
2370 4549 2577 4622 quidem
2603 4549 3056 4626 comprehenditur
3079 4549 3322 4626 vigilabs,
3354 4549 3458 4615 ete'.

2109 4623 2233 4691 I’ag.
2265 4621 2389 4674 878.
2441 4639 2542 4691 quo
2583 4623 2778 4700 dignos
2810 4640 2922 4678 esse
2964 4621 3276 4694 cognouerit.
3311 4621 3444 4686 Mss.
3501 4647 3605 4700 quo

2031 4690 2218 4759 dignos
2246 4707 2332 4743 eos
2359 4690 2470 4746 esse
2506 4690 2822 4760 cognoverit.

2105 4762 2237 4814 Ibid.
2289 4761 2421 4815 Cum
2467 4762 2727 4830 possimus
2757 4769 2901 4820 oneri
2938 4779 3083 4827 esse,
3131 4773 3236 4820 etc.
3291 4765 3422 4823 Mss.
3468 4769 3606 4823 Cum

2031 4832 2294 4897 possimus
2323 4833 2508 4885 honori
2533 4846 2666 4894 esse,
2691 4841 2796 4886 etc.

2104 4902 2239 4954 Ibid.
2271 4902 2408 4970 quod
2434 4901 2606 4953 minus
2639 4901 2832 4969 faceret
2870 4917 2952 4955 ea.
2993 4900 3123 4957 Mss.
3155 4907 3434 4974 quominus
3460 4908 3603 4980 face-

2033 4981 2107 5022 ret
2131 4987 2213 5022 ea.

2103 5039 2231 5110 Pug.
2278 5039 2403 5093 879.
2450 5055 2609 5110 quam
2657 5039 2839 5094 demus
2880 5041 3263 5108 esurientibus,
3311 5055 3416 5100 etc.
3465 5044 3599 5103 Mss.

2029 5124 2192 5178 quam
2218 5111 2358 5180 quod
2389 5111 2619 5164 ridemus
2649 5111 3170 5180 esurientibus,etc.,
3194 5116 3286 5168 sed
3316 5125 3519 5172 rectius
3548 5119 3606 5176 in

2029 5180 2212 5232 editis.

2103 5248 2235 5302 Ibid.
2287 5260 2341 5302 ut
2389 5265 2450 5304 ne
2483 5264 2600 5320 qna'
2632 5262 2960 5318 pauperum,
3009 5258 3114 5306 etc.
3167 5249 3295 5309 Mss.
3345 5263 3401 5306 ut
3442 5268 3600 5326 neque

2029 5333 2145 5388 qua:
2173 5333 2485 5389 pauperum,
2516 5328 2621 5374 etc.

2101 5411 2239 5463 Ibid.
2276 5410 2538 5480 quomodo
2567 5409 2852 5464 advocatus
2881 5419 2978 5464 est.
3023 5407 3152 5464 Mss.
3183 5413 3441 5482 quomodo
3469 5415 3594 5467 cdo.

2029 5491 2182 5533 catus
2207 5490 2306 5533 est.

2065 5572 2238 5698 bIbid.
2265 5581 2357 5653 but
2385 5571 2438 5626 in
2453 5571 2754 5642 juvenibus.
2779 5579 2883 5625 etc.
2905 5567 3033 5622 Mss.
3051 5571 3595 5643 autjttt'enibus,etc.,

2103 5658 2237 5698 suue
2261 5659 2338 5696 in.

2030 5658 2237 5714 absque
2261 5659 2338 5696 in.

2104 5734 2342 5806 Ibid.__et
2372 5734 2448 5806 eis
2475 5734 2563 5804 qui
2593 5731 2671 5806 cel
2702 5747 2766 5784 ex
2792 5741 2941 5806 parte
2969 5739 3186 5800 possunt
3218 5731 3319 5783 sibi
3343 5735 3608 5803 acquirere

2033 5821 2199 5859 escas.
2239 5803 2360 5858 II:l:c
2387 5802 2586 5857 desinit
2614 5802 2667 5854 in
2709 5802 2842 5854 mss.
