  <div class='ocr_page' id='page_1' title='image "/cluster/home/n/w/nwhite01/storage/ocr_20150623/13/mdp.39015007036059/981.png"; bbox 0 0 4084 6302; ppageno 0'>
   <div class='ocr_carea' id='block_1_1' title="bbox 555 379 689 434">
    <p class='ocr_par' dir='ltr' id='par_1_1' title="bbox 555 379 689 434">
     <span class='ocr_line' id='line_1_1' title="bbox 555 379 689 434; baseline 0 0"><span class='ocrx_word' id='word_1_1' title='bbox 555 379 689 434; x_wconf 70' lang='lat' dir='ltr'><strong><em>I955</em></strong></span> 
     </span>
    </p>
   </div>
   <div class='ocr_carea' id='block_1_2' title="bbox 624 497 2119 571">
    <p class='ocr_par' dir='ltr' id='par_1_2' title="bbox 624 497 2119 571">
     <span class='ocr_line' id='line_1_2' title="bbox 624 497 2119 571; baseline 0.003 -21"><span class='ocrx_word' id='word_1_2' title='bbox 624 497 752 569; x_wconf 78' lang='lat' dir='ltr'><strong><em>Pag.</em></strong></span> <span class='ocrx_word' id='word_1_3' title='bbox 783 497 904 553; x_wconf 86' lang='lat'><strong>880.</strong></span> <span class='ocrx_word' id='word_1_4' title='bbox 950 503 1207 571; x_wconf 75' lang='lat' dir='ltr'><strong><em>conservis</em></strong></span> <span class='ocrx_word' id='word_1_5' title='bbox 1240 503 1631 571; x_wconf 74' lang='lat' dir='ltr'><strong><em>quibuscunque</em></strong></span> <span class='ocrx_word' id='word_1_6' title='bbox 1658 502 2119 571; x_wconf 80' lang='lat' dir='ltr'><strong><em>sintpliciter,&#39;etc.</em></strong></span> 
     </span>
    </p>
   </div>
   <div class='ocr_carea' id='block_1_3' title="bbox 550 567 1969 640">
    <p class='ocr_par' dir='ltr' id='par_1_3' title="bbox 550 567 1969 640">
     <span class='ocr_line' id='line_1_3' title="bbox 550 567 1969 640; baseline 0.008 -25"><span class='ocrx_word' id='word_1_7' title='bbox 550 567 974 640; x_wconf 60' lang='lat' dir='ltr'><strong><em>M.s.con_servis</em></strong></span> <span class='ocrx_word' id='word_1_8' title='bbox 997 567 1474 640; x_wconf 69' lang='lat' dir='ltr'><strong><em>qnalisbuscnnque</em></strong></span> <span class='ocrx_word' id='word_1_9' title='bbox 1506 567 1835 639; x_wconf 72' lang='lat' dir='ltr'><strong><em>simpliciter,</em></strong></span> <span class='ocrx_word' id='word_1_10' title='bbox 1864 580 1969 626; x_wconf 79' lang='lat' dir='ltr'><strong><em>etc.</em></strong></span> 
     </span>
    </p>
   </div>
   <div class='ocr_carea' id='block_1_4' title="bbox 625 638 2126 710">
    <p class='ocr_par' dir='ltr' id='par_1_4' title="bbox 625 638 2126 710">
     <span class='ocr_line' id='line_1_4' title="bbox 625 638 2126 710; baseline 0.004 -19"><span class='ocrx_word' id='word_1_11' title='bbox 625 638 755 691; x_wconf 71' lang='lat' dir='ltr'><strong><em>Ibid.</em></strong></span> <span class='ocrx_word' id='word_1_12' title='bbox 786 638 975 693; x_wconf 84' lang='lat' dir='ltr'><strong><em>Omnes</em></strong></span> <span class='ocrx_word' id='word_1_13' title='bbox 1006 638 1212 710; x_wconf 87' lang='lat' dir='ltr'><strong><em>quidem</em></strong></span> <span class='ocrx_word' id='word_1_14' title='bbox 1244 638 1547 707; x_wconf 87' lang='lat' dir='ltr'><strong><em>constituet,</em></strong></span> <span class='ocrx_word' id='word_1_15' title='bbox 1573 638 1678 697; x_wconf 86' lang='lat' dir='ltr'><strong><em>ctc.</em></strong></span> <span class='ocrx_word' id='word_1_16' title='bbox 1716 642 1846 698; x_wconf 82' lang='lat' dir='ltr'><strong><em>Ms’s.</em></strong></span> <span class='ocrx_word' id='word_1_17' title='bbox 1878 652 1925 697; x_wconf 89' lang='lat' dir='ltr'><strong><em>et</em></strong></span> <span class='ocrx_word' id='word_1_18' title='bbox 1949 657 2126 696; x_wconf 89' lang='lat' dir='ltr'><strong><em>omnes</em></strong></span> 
     </span>
    </p>
   </div>
   <div class='ocr_carea' id='block_1_5' title="bbox 549 710 1235 780">
    <p class='ocr_par' dir='ltr' id='par_1_5' title="bbox 549 710 1235 780">
     <span class='ocr_line' id='line_1_5' title="bbox 549 710 1235 780; baseline 0.006 -21"><span class='ocrx_word' id='word_1_19' title='bbox 549 710 760 780; x_wconf 83' lang='lat' dir='ltr'><strong><em>quidem</em></strong></span> <span class='ocrx_word' id='word_1_20' title='bbox 794 710 1100 775; x_wconf 80' lang='lat' dir='ltr'><strong><em>constituet,</em></strong></span> <span class='ocrx_word' id='word_1_21' title='bbox 1128 719 1235 780; x_wconf 83' lang='lat' dir='ltr'><strong><em>etc.</em></strong></span> 
     </span>
    </p>
   </div>
   <div class='ocr_carea' id='block_1_6' title="bbox 623 779 2125 853">
    <p class='ocr_par' dir='ltr' id='par_1_6' title="bbox 623 779 2125 853">
     <span class='ocr_line' id='line_1_6' title="bbox 623 779 2125 853; baseline 0.003 -23"><span class='ocrx_word' id='word_1_22' title='bbox 623 780 655 830; x_wconf 79' lang='lat' dir='ltr'><strong><em>l.</em></strong></span> <span class='ocrx_word' id='word_1_23' title='bbox 682 779 753 831; x_wconf 89' lang='lat' dir='ltr'><strong><em>id.</em></strong></span> <span class='ocrx_word' id='word_1_24' title='bbox 805 789 865 853; x_wconf 79' lang='lat' dir='ltr'><strong><em>ut</em></strong></span> <span class='ocrx_word' id='word_1_25' title='bbox 894 788 1021 847; x_wconf 87' lang='lat' dir='ltr'><strong><em>puta</em></strong></span> <span class='ocrx_word' id='word_1_26' title='bbox 1046 821 1060 844; x_wconf 92' lang='lat'><strong><em>,</em></strong></span> <span class='ocrx_word' id='word_1_27' title='bbox 1112 779 1250 834; x_wconf 86' lang='lat' dir='ltr'><strong><em>hunc</em></strong></span> <span class='ocrx_word' id='word_1_28' title='bbox 1292 780 1534 850; x_wconf 83' lang='lat' dir='ltr'><strong><em>quidem,</em></strong></span> <span class='ocrx_word' id='word_1_29' title='bbox 1569 789 1673 835; x_wconf 87' lang='lat' dir='ltr'><strong><em>clc.</em></strong></span> <span class='ocrx_word' id='word_1_30' title='bbox 1721 779 1851 836; x_wconf 57' lang='lat' dir='ltr'><strong><em>Mss.</em></strong></span> <span class='ocrx_word' id='word_1_31' title='bbox 1887 793 1943 837; x_wconf 88' lang='lat' dir='ltr'><strong><em>ut</em></strong></span> <span class='ocrx_word' id='word_1_32' title='bbox 1974 793 2125 853; x_wconf 88' lang='lat' dir='ltr'><strong><em>puta,</em></strong></span> 
     </span>
    </p>
   </div>
   <div class='ocr_carea' id='block_1_7' title="bbox 549 849 1106 918">
    <p class='ocr_par' dir='ltr' id='par_1_7' title="bbox 549 849 1106 918">
     <span class='ocr_line' id='line_1_7' title="bbox 549 849 1106 918; baseline 0.002 -17"><span class='ocrx_word' id='word_1_33' title='bbox 549 865 711 902; x_wconf 69' lang='lat' dir='ltr'><strong><em>unum</em></strong></span> <span class='ocrx_word' id='word_1_34' title='bbox 740 849 970 918; x_wconf 78' lang='lat' dir='ltr'><strong><em>quidem,</em></strong></span> <span class='ocrx_word' id='word_1_35' title='bbox 1001 860 1106 904; x_wconf 87' lang='lat' dir='ltr'><strong><em>etc.</em></strong></span> 
     </span>
    </p>
   </div>
   <div class='ocr_carea' id='block_1_8' title="bbox 618 919 1582 989">
    <p class='ocr_par' dir='ltr' id='par_1_8' title="bbox 618 919 1582 989">
     <span class='ocr_line' id='line_1_8' title="bbox 618 919 1582 989; baseline 0.002 -18"><span class='ocrx_word' id='word_1_36' title='bbox 618 919 753 972; x_wconf 73' lang='lat' dir='ltr'><strong><em>Ibid.</em></strong></span> <span class='ocrx_word' id='word_1_37' title='bbox 790 920 1086 989; x_wconf 76' lang='lat' dir='ltr'><strong><em>puniretur.</em></strong></span> <span class='ocrx_word' id='word_1_38' title='bbox 1121 919 1282 989; x_wconf 67' lang='lat' dir='ltr'><strong><em>Lege,</em></strong></span> <span class='ocrx_word' id='word_1_39' title='bbox 1315 920 1582 989; x_wconf 75' lang='lat' dir='ltr'><strong><em>punietur.</em></strong></span> 
     </span>
    </p>
   </div>
   <div class='ocr_carea' id='block_1_9' title="bbox 618 987 2019 1059">
    <p class='ocr_par' dir='ltr' id='par_1_9' title="bbox 618 987 2019 1059">
     <span class='ocr_line' id='line_1_9' title="bbox 618 987 2019 1059; baseline 0.003 -18"><span class='ocrx_word' id='word_1_40' title='bbox 618 989 672 1041; x_wconf 78' lang='grc' dir='ltr'><strong><em>Ρ.</em></strong></span> <span class='ocrx_word' id='word_1_41' title='bbox 697 1005 749 1059; x_wconf 66' lang='lat' dir='ltr'><strong><em>g.</em></strong></span> <span class='ocrx_word' id='word_1_42' title='bbox 781 987 906 1043; x_wconf 76' lang='lat'><strong>881.</strong></span> <span class='ocrx_word' id='word_1_43' title='bbox 940 989 1097 1057; x_wconf 78' lang='lat' dir='ltr'><strong><em>fidem</em></strong></span> <span class='ocrx_word' id='word_1_44' title='bbox 1129 991 1181 1042; x_wconf 90' lang='lat' dir='ltr'><strong><em>in</em></strong></span> <span class='ocrx_word' id='word_1_45' title='bbox 1205 987 1361 1045; x_wconf 22' lang='lat' dir='ltr'><strong><em>‘Jesu.</em></strong></span> <span class='ocrx_word' id='word_1_46' title='bbox 1388 989 1517 1045; x_wconf 85' lang='lat' dir='ltr'><strong><em>Mss.</em></strong></span> <span class='ocrx_word' id='word_1_47' title='bbox 1550 991 1706 1059; x_wconf 81' lang='lat' dir='ltr'><strong><em>ﬁdem</em></strong></span> <span class='ocrx_word' id='word_1_48' title='bbox 1731 994 1779 1044; x_wconf 85' lang='lat' dir='ltr'><strong><em>in</em></strong></span> <span class='ocrx_word' id='word_1_49' title='bbox 1814 992 2019 1045; x_wconf 83' lang='lat' dir='ltr'><strong><em>Jesum.</em></strong></span> 
     </span>
    </p>
   </div>
   <div class='ocr_carea' id='block_1_10' title="bbox 622 1058 2128 1132">
    <p class='ocr_par' dir='ltr' id='par_1_10' title="bbox 622 1058 2128 1132">
     <span class='ocr_line' id='line_1_10' title="bbox 622 1058 2128 1132; baseline 0.003 -21"><span class='ocrx_word' id='word_1_50' title='bbox 622 1058 755 1112; x_wconf 79' lang='lat' dir='ltr'><strong><em>Ibid.</em></strong></span> <span class='ocrx_word' id='word_1_51' title='bbox 791 1059 932 1129; x_wconf 88' lang='lat' dir='ltr'><strong><em>quod</em></strong></span> <span class='ocrx_word' id='word_1_52' title='bbox 965 1059 1190 1129; x_wconf 81' lang='lat' dir='ltr'><strong><em>virgines</em></strong></span> <span class='ocrx_word' id='word_1_53' title='bbox 1221 1069 1366 1126; x_wconf 89' lang='lat' dir='ltr'><strong><em>sunt,</em></strong></span> <span class='ocrx_word' id='word_1_54' title='bbox 1393 1068 1499 1115; x_wconf 88' lang='lat' dir='ltr'><strong><em>etc.</em></strong></span> <span class='ocrx_word' id='word_1_55' title='bbox 1529 1058 1659 1116; x_wconf 81' lang='lat' dir='ltr'><strong><em>Mss.</em></strong></span> <span class='ocrx_word' id='word_1_56' title='bbox 1690 1062 1939 1131; x_wconf 90' lang='lat' dir='ltr'><strong><em>quoniam</em></strong></span> <span class='ocrx_word' id='word_1_57' title='bbox 1968 1062 2128 1132; x_wconf 70' lang='lat' dir='ltr'><strong><em>virgi-</em></strong></span> 
     </span>
    </p>
   </div>
   <div class='ocr_carea' id='block_1_11' title="bbox 546 1138 938 1188">
    <p class='ocr_par' dir='ltr' id='par_1_11' title="bbox 546 1138 938 1188">
     <span class='ocr_line' id='line_1_11' title="bbox 546 1138 938 1188; baseline -0.01 -4"><span class='ocrx_word' id='word_1_58' title='bbox 546 1146 637 1184; x_wconf 77' lang='lat' dir='ltr'><strong><em>nes</em></strong></span> <span class='ocrx_word' id='word_1_59' title='bbox 663 1139 805 1188; x_wconf 71' lang='lat' dir='ltr'><strong><em>sunt.</em></strong></span> <span class='ocrx_word' id='word_1_60' title='bbox 834 1138 938 1183; x_wconf 90' lang='lat' dir='ltr'><strong><em>etc.</em></strong></span> 
     </span>
    </p>
   </div>
   <div class='ocr_carea' id='block_1_12' title="bbox 620 1198 2126 1265">
    <p class='ocr_par' dir='ltr' id='par_1_12' title="bbox 620 1198 2126 1265">
     <span class='ocr_line' id='line_1_12' title="bbox 620 1198 2126 1265; baseline 0.004 -14"><span class='ocrx_word' id='word_1_61' title='bbox 620 1200 753 1253; x_wconf 89' lang='lat' dir='ltr'><strong><em>Ibid.</em></strong></span> <span class='ocrx_word' id='word_1_62' title='bbox 800 1215 1004 1253; x_wconf 76' lang='lat' dir='ltr'><strong><em>necesse</em></strong></span> <span class='ocrx_word' id='word_1_63' title='bbox 1027 1208 1102 1254; x_wconf 89' lang='lat' dir='ltr'><strong><em>est</em></strong></span> <span class='ocrx_word' id='word_1_64' title='bbox 1134 1208 1191 1252; x_wconf 92' lang='lat' dir='ltr'><strong><em>ut</em></strong></span> <span class='ocrx_word' id='word_1_65' title='bbox 1221 1198 1276 1252; x_wconf 91' lang='lat' dir='ltr'><strong><em>in</em></strong></span> <span class='ocrx_word' id='word_1_66' title='bbox 1304 1200 1425 1253; x_wconf 88' lang='lat' dir='ltr'><strong><em>aliis</em></strong></span> <span class='ocrx_word' id='word_1_67' title='bbox 1445 1239 1461 1265; x_wconf 92' lang='lat'><strong><em>,</em></strong></span> <span class='ocrx_word' id='word_1_68' title='bbox 1507 1210 1613 1256; x_wconf 90' lang='lat' dir='ltr'><strong><em>etc.</em></strong></span> <span class='ocrx_word' id='word_1_69' title='bbox 1649 1200 1781 1257; x_wconf 90' lang='lat' dir='ltr'><strong><em>Mss.</em></strong></span> <span class='ocrx_word' id='word_1_70' title='bbox 1814 1217 2019 1257; x_wconf 88' lang='lat' dir='ltr'><strong><em>necesse</em></strong></span> <span class='ocrx_word' id='word_1_71' title='bbox 2050 1210 2126 1257; x_wconf 88' lang='lat' dir='ltr'><strong><em>est</em></strong></span> 
     </span>
    </p>
   </div>
   <div class='ocr_carea' id='block_1_13' title="bbox 546 1269 1077 1328">
    <p class='ocr_par' dir='ltr' id='par_1_13' title="bbox 546 1269 1077 1328">
     <span class='ocr_line' id='line_1_13' title="bbox 546 1269 1077 1328; baseline 0 -6"><span class='ocrx_word' id='word_1_72' title='bbox 546 1281 605 1322; x_wconf 83' lang='lat' dir='ltr'><strong><em>ut</em></strong></span> <span class='ocrx_word' id='word_1_73' title='bbox 633 1280 680 1321; x_wconf 77' lang='lat' dir='ltr'><strong><em>et</em></strong></span> <span class='ocrx_word' id='word_1_74' title='bbox 712 1270 763 1322; x_wconf 92' lang='lat' dir='ltr'><strong><em>in</em></strong></span> <span class='ocrx_word' id='word_1_75' title='bbox 784 1269 941 1328; x_wconf 65' lang='lat' dir='ltr'><strong><em>aliis,</em></strong></span> <span class='ocrx_word' id='word_1_76' title='bbox 967 1276 1077 1323; x_wconf 80' lang='lat' dir='ltr'><strong><em>etc.</em></strong></span> 
     </span>
    </p>
   </div>
   <div class='ocr_carea' id='block_1_14' title="bbox 620 1338 2126 1404">
    <p class='ocr_par' dir='ltr' id='par_1_14' title="bbox 620 1338 2126 1404">
     <span class='ocr_line' id='line_1_14' title="bbox 620 1338 2126 1404; baseline 0.003 -14"><span class='ocrx_word' id='word_1_77' title='bbox 620 1339 752 1393; x_wconf 83' lang='lat' dir='ltr'><strong><em>Ibid.</em></strong></span> <span class='ocrx_word' id='word_1_78' title='bbox 789 1341 967 1391; x_wconf 87' lang='lat' dir='ltr'><strong><em>nntrin</em></strong></span> <span class='ocrx_word' id='word_1_79' title='bbox 989 1349 1169 1392; x_wconf 87' lang='lat' dir='ltr'><strong><em>entum</em></strong></span> <span class='ocrx_word' id='word_1_80' title='bbox 1203 1338 1439 1392; x_wconf 73' lang='lat' dir='ltr'><strong><em>’hominis</em></strong></span> <span class='ocrx_word' id='word_1_81' title='bbox 1480 1341 1601 1404; x_wconf 87' lang='lat' dir='ltr'><strong><em>sui,</em></strong></span> <span class='ocrx_word' id='word_1_82' title='bbox 1628 1348 1736 1396; x_wconf 86' lang='lat' dir='ltr'><strong><em>etc.</em></strong></span> <span class='ocrx_word' id='word_1_83' title='bbox 1787 1340 1917 1397; x_wconf 85' lang='lat' dir='ltr'><strong><em>Mss.</em></strong></span> <span class='ocrx_word' id='word_1_84' title='bbox 1948 1342 2126 1395; x_wconf 89' lang='lat' dir='ltr'><strong><em>nutri-</em></strong></span> 
     </span>
    </p>
   </div>
   <div class='ocr_carea' id='block_1_15' title="bbox 543 1408 2125 1482">
    <p class='ocr_par' dir='ltr' id='par_1_15' title="bbox 543 1408 2125 1482">
     <span class='ocr_line' id='line_1_15' title="bbox 543 1408 2125 1482; baseline 0.001 -19"><span class='ocrx_word' id='word_1_85' title='bbox 543 1424 774 1482; x_wconf 74' lang='lat' dir='ltr'><strong><em>mentum</em></strong></span> <span class='ocrx_word' id='word_1_86' title='bbox 823 1408 1040 1462; x_wconf 87' lang='lat' dir='ltr'><strong><em>luminis</em></strong></span> <span class='ocrx_word' id='word_1_87' title='bbox 1078 1419 1235 1475; x_wconf 88' lang='lat' dir='ltr'><strong><em>sunt,</em></strong></span> <span class='ocrx_word' id='word_1_88' title='bbox 1278 1417 1385 1465; x_wconf 88' lang='lat' dir='ltr'><strong><em>etc.</em></strong></span> <span class='ocrx_word' id='word_1_89' title='bbox 1437 1408 1540 1465; x_wconf 85' lang='lat' dir='ltr'><strong><em>Sed</em></strong></span> <span class='ocrx_word' id='word_1_90' title='bbox 1575 1410 1863 1482; x_wconf 77' lang='lat' dir='ltr'><strong><em>legendum</em></strong></span> <span class='ocrx_word' id='word_1_91' title='bbox 1892 1411 2125 1478; x_wconf 79' lang='lat' dir='ltr'><strong><em>videtur,</em></strong></span> 
     </span>
    </p>
   </div>
   <div class='ocr_carea' id='block_1_16' title="bbox 543 1481 965 1540">
    <p class='ocr_par' dir='ltr' id='par_1_16' title="bbox 543 1481 965 1540">
     <span class='ocr_line' id='line_1_16' title="bbox 543 1481 965 1540; baseline -0.002 -7"><span class='ocrx_word' id='word_1_92' title='bbox 543 1481 629 1533; x_wconf 89' lang='lat' dir='ltr'><strong><em>sui</em></strong></span> <span class='ocrx_word' id='word_1_93' title='bbox 645 1520 657 1540; x_wconf 84' lang='lat'><strong>.</strong></span> <span class='ocrx_word' id='word_1_94' title='bbox 690 1494 789 1540; x_wconf 85' lang='lat' dir='ltr'><strong><em>pro</em></strong></span> <span class='ocrx_word' id='word_1_95' title='bbox 822 1489 965 1533; x_wconf 87' lang='lat' dir='ltr'><strong><em>sunt.</em></strong></span> 
     </span>
    </p>
   </div>
   <div class='ocr_carea' id='block_1_17' title="bbox 531 1495 1946 1607">
    <p class='ocr_par' dir='ltr' id='par_1_17' title="bbox 531 1495 1946 1607">
     <span class='ocr_line' id='line_1_17' title="bbox 543 1495 965 1549; baseline -0.002 -16"><span class='ocrx_word' id='word_1_96' title='bbox 543 1496 657 1540; x_wconf 72' lang='grc' dir='ltr'><strong><em>ειη,</em></strong></span> <span class='ocrx_word' id='word_1_97' title='bbox 690 1495 789 1549; x_wconf 85' lang='lat' dir='ltr'><strong><em>pro</em></strong></span> <span class='ocrx_word' id='word_1_98' title='bbox 822 1495 965 1533; x_wconf 86' lang='lat' dir='ltr'><strong><em>sunt.</em></strong></span> 
     </span>
     <span class='ocr_line' id='line_1_18' title="bbox 531 1543 1946 1607; baseline 0.004 -6"><span class='ocrx_word' id='word_1_99' title='bbox 531 1584 534 1591; x_wconf 62' lang='grc' dir='ltr'><strong><em>ι</em></strong></span> <span class='ocrx_word' id='word_1_100' title='bbox 606 1545 749 1603; x_wconf 86' lang='lat' dir='ltr'><strong><em>Ibid.</em></strong></span> <span class='ocrx_word' id='word_1_101' title='bbox 780 1566 810 1602; x_wconf 93' lang='lat' dir='ltr'><strong><em>a</em></strong></span> <span class='ocrx_word' id='word_1_102' title='bbox 838 1565 993 1603; x_wconf 90' lang='lat' dir='ltr'><strong><em>sensu</em></strong></span> <span class='ocrx_word' id='word_1_103' title='bbox 1019 1547 1169 1602; x_wconf 67' lang='lat' dir='ltr'><strong><em>vitali</em></strong></span> <span class='ocrx_word' id='word_1_104' title='bbox 1189 1588 1205 1605; x_wconf 95' lang='lat'><strong><em>.</em></strong></span> <span class='ocrx_word' id='word_1_105' title='bbox 1228 1543 1367 1604; x_wconf 82' lang='lat' dir='ltr'><strong><em>Mss.</em></strong></span> <span class='ocrx_word' id='word_1_106' title='bbox 1401 1565 1434 1602; x_wconf 91' lang='lat' dir='ltr'><strong><em>a</em></strong></span> <span class='ocrx_word' id='word_1_107' title='bbox 1462 1563 1619 1605; x_wconf 81' lang='lat' dir='ltr'><strong><em>sensu</em></strong></span> <span class='ocrx_word' id='word_1_108' title='bbox 1650 1550 1743 1605; x_wconf 90' lang='lat' dir='ltr'><strong><em>illo</em></strong></span> <span class='ocrx_word' id='word_1_109' title='bbox 1773 1552 1946 1607; x_wconf 79' lang='lat' dir='ltr'><strong><em>vitali.</em></strong></span> 
     </span>
    </p>
   </div>
   <div class='ocr_carea' id='block_1_18' title="bbox 541 1617 2126 1742">
    <p class='ocr_par' dir='ltr' id='par_1_18' title="bbox 541 1617 2126 1742">
     <span class='ocr_line' id='line_1_19' title="bbox 541 1617 2126 1742; baseline 0.004 -71"><span class='ocrx_word' id='word_1_110' title='bbox 541 1619 744 1742; x_wconf 46' lang='grc' dir='ltr'><strong><em>ὑἾΡειίς.</em></strong></span> <span class='ocrx_word' id='word_1_111' title='bbox 775 1619 902 1674; x_wconf 71' lang='grc'><strong><em>882.</em></strong></span> <span class='ocrx_word' id='word_1_112' title='bbox 938 1617 1109 1672; x_wconf 89' lang='lat' dir='ltr'><strong><em>oleum</em></strong></span> <span class='ocrx_word' id='word_1_113' title='bbox 1156 1618 1440 1674; x_wconf 72' lang='lat' dir='ltr'><strong><em>rationale.</em></strong></span> <span class='ocrx_word' id='word_1_114' title='bbox 1484 1618 1617 1677; x_wconf 92' lang='lat' dir='ltr'><strong><em>Mss.</em></strong></span> <span class='ocrx_word' id='word_1_115' title='bbox 1674 1622 1849 1677; x_wconf 77' lang='lat' dir='ltr'><strong><em>oleum</em></strong></span> <span class='ocrx_word' id='word_1_116' title='bbox 1884 1623 2126 1677; x_wconf 84' lang='lat' dir='ltr'><strong><em>rationa-</em></strong></span> 
     </span>
     <span class='ocr_line' id='line_1_20' title="bbox 580 1708 667 1742; baseline 0.011 -1"><span class='ocrx_word' id='word_1_117' title='bbox 580 1708 667 1742; x_wconf 71' lang='lat' dir='ltr'><strong><em>ne.</em></strong></span> 
     </span>
    </p>
   </div>
   <div class='ocr_carea' id='block_1_19' title="bbox 580 1691 667 1743">
    <p class='ocr_par' dir='ltr' id='par_1_19' title="bbox 580 1691 667 1743">
     <span class='ocr_line' id='line_1_21' title="bbox 580 1691 667 1743; baseline 0.023 -2"><span class='ocrx_word' id='word_1_118' title='bbox 580 1691 667 1743; x_wconf 73' lang='lat' dir='ltr'><strong><em>it’e.</em></strong></span> 
     </span>
    </p>
   </div>
   <div class='ocr_carea' id='block_1_20' title="bbox 617 1758 2127 1882">
    <p class='ocr_par' dir='ltr' id='par_1_20' title="bbox 617 1758 2127 1882">
     <span class='ocr_line' id='line_1_22' title="bbox 617 1758 2127 1882; baseline 0.005 -70"><span class='ocrx_word' id='word_1_119' title='bbox 617 1760 755 1882; x_wconf 64' lang='lat' dir='ltr'><strong><em>Ibid.5</em></strong></span> <span class='ocrx_word' id='word_1_120' title='bbox 790 1759 940 1882; x_wconf 59' lang='lat' dir='ltr'><strong><em>qnlod</em></strong></span> <span class='ocrx_word' id='word_1_121' title='bbox 984 1758 1347 1829; x_wconf 78' lang='lat' dir='ltr'><strong><em>congregavit,</em></strong></span> <span class='ocrx_word' id='word_1_122' title='bbox 1391 1763 1498 1816; x_wconf 85' lang='lat' dir='ltr'><strong><em>etc.</em></strong></span> <span class='ocrx_word' id='word_1_123' title='bbox 1549 1759 2127 1834; x_wconf 79' lang='lat' dir='ltr'><strong><em>Mss.&#39;quoniam&#39;con-</em></strong></span> 
     </span>
     <span class='ocr_line' id='line_1_23' title="bbox 617 1839 933 1882; baseline 0 0"><span class='ocrx_word' id='word_1_124' title='bbox 617 1846 732 1882; x_wconf 61' lang='lat' dir='ltr'><strong><em>*aar</em></strong></span> <span class='ocrx_word' id='word_1_125' title='bbox 761 1839 799 1882; x_wconf 91' lang='lat' dir='ltr'><strong><em>t.</em></strong></span> <span class='ocrx_word' id='word_1_126' title='bbox 827 1847 855 1882; x_wconf 90' lang='lat' dir='ltr'><strong><em>c</em></strong></span> <span class='ocrx_word' id='word_1_127' title='bbox 883 1844 933 1882; x_wconf 91' lang='lat' dir='ltr'><strong><em>c.</em></strong></span> 
     </span>
    </p>
   </div>
   <div class='ocr_carea' id='block_1_21' title="bbox 581 1838 933 1895">
    <p class='ocr_par' dir='ltr' id='par_1_21' title="bbox 581 1838 933 1895">
     <span class='ocr_line' id='line_1_24' title="bbox 581 1838 933 1895; baseline 0.006 -14"><span class='ocrx_word' id='word_1_128' title='bbox 581 1838 799 1895; x_wconf 74' lang='lat' dir='ltr'><strong><em>regerit,</em></strong></span> <span class='ocrx_word' id='word_1_129' title='bbox 827 1838 933 1884; x_wconf 87' lang='lat' dir='ltr'><strong><em>ctc.</em></strong></span> 
     </span>
    </p>
   </div>
   <div class='ocr_carea' id='block_1_22' title="bbox 542 1846 2125 1967">
    <p class='ocr_par' dir='ltr' id='par_1_22' title="bbox 542 1846 2125 1967">
     <span class='ocr_line' id='line_1_25' title="bbox 542 1846 2125 1967; baseline 0.004 -16"><span class='ocrx_word' id='word_1_130' title='bbox 542 1846 942 1953; x_wconf 54' lang='lat' dir='ltr'><strong><em>(hdon</em></strong></span> <span class='ocrx_word' id='word_1_131' title='bbox 964 1901 1286 1963; x_wconf 79' lang='lat' dir='ltr'><strong><em>doctrinam,</em></strong></span> <span class='ocrx_word' id='word_1_132' title='bbox 1315 1912 1419 1953; x_wconf 89' lang='lat' dir='ltr'><strong><em>non</em></strong></span> <span class='ocrx_word' id='word_1_133' title='bbox 1447 1908 1642 1967; x_wconf 88' lang='lat' dir='ltr'><strong><em>tamen,</em></strong></span> <span class='ocrx_word' id='word_1_134' title='bbox 1665 1907 1768 1957; x_wconf 85' lang='lat' dir='ltr'><strong><em>etc.</em></strong></span> <span class='ocrx_word' id='word_1_135' title='bbox 1800 1900 1934 1958; x_wconf 92' lang='lat' dir='ltr'><strong><em>Mss.</em></strong></span> <span class='ocrx_word' id='word_1_136' title='bbox 1962 1903 2125 1958; x_wconf 85' lang='lat' dir='ltr'><strong><em>habeo</em></strong></span> 
     </span>
    </p>
   </div>
   <div class='ocr_carea' id='block_1_23' title="bbox 540 1966 1527 2034">
    <p class='ocr_par' dir='ltr' id='par_1_23' title="bbox 540 1966 1527 2034">
     <span class='ocr_line' id='line_1_26' title="bbox 540 1966 1527 2034; baseline 0.002 -11"><span class='ocrx_word' id='word_1_137' title='bbox 540 1970 840 2023; x_wconf 82' lang='lat' dir='ltr'><strong><em>doctrinam</em></strong></span> <span class='ocrx_word' id='word_1_138' title='bbox 858 1966 1045 2034; x_wconf 71' lang='lat' dir='ltr'><strong><em>“verbi,</em></strong></span> <span class='ocrx_word' id='word_1_139' title='bbox 1063 1985 1165 2023; x_wconf 84' lang='lat' dir='ltr'><strong><em>non</em></strong></span> <span class='ocrx_word' id='word_1_140' title='bbox 1198 1978 1394 2034; x_wconf 88' lang='lat' dir='ltr'><strong><em>tamen,</em></strong></span> <span class='ocrx_word' id='word_1_141' title='bbox 1422 1978 1527 2025; x_wconf 84' lang='lat' dir='ltr'><strong><em>etc.</em></strong></span> 
     </span>
    </p>
   </div>
   <div class='ocr_carea' id='block_1_24' title="bbox 612 2033 2122 2104">
    <p class='ocr_par' dir='ltr' id='par_1_24' title="bbox 612 2033 2122 2104">
     <span class='ocr_line' id='line_1_27' title="bbox 612 2033 2122 2104; baseline 0.003 -13"><span class='ocrx_word' id='word_1_142' title='bbox 612 2039 746 2093; x_wconf 75' lang='lat' dir='ltr'><strong><em>Ibid.</em></strong></span> <span class='ocrx_word' id='word_1_143' title='bbox 802 2038 1066 2095; x_wconf 85' lang='lat' dir='ltr'><strong><em>Ornantes</em></strong></span> <span class='ocrx_word' id='word_1_144' title='bbox 1114 2050 1322 2104; x_wconf 86' lang='lat' dir='ltr'><strong><em>autem,</em></strong></span> <span class='ocrx_word' id='word_1_145' title='bbox 1366 2033 1473 2095; x_wconf 87' lang='lat' dir='ltr'><strong><em>etc.</em></strong></span> <span class='ocrx_word' id='word_1_146' title='bbox 1530 2033 1659 2095; x_wconf 90' lang='lat' dir='ltr'><strong><em>Mss.</em></strong></span> <span class='ocrx_word' id='word_1_147' title='bbox 1704 2040 1996 2096; x_wconf 66' lang='lat' dir='ltr'><strong><em>“Ornantur</em></strong></span> <span class='ocrx_word' id='word_1_148' title='bbox 2026 2059 2122 2097; x_wconf 86' lang='lat' dir='ltr'><strong><em>au-</em></strong></span> 
     </span>
    </p>
   </div>
   <div class='ocr_carea' id='block_1_25' title="bbox 545 2117 807 2171">
    <p class='ocr_par' dir='ltr' id='par_1_25' title="bbox 545 2117 807 2171">
     <span class='ocr_line' id='line_1_28' title="bbox 545 2117 807 2171; baseline 0.011 -10"><span class='ocrx_word' id='word_1_149' title='bbox 545 2120 666 2171; x_wconf 84' lang='lat' dir='ltr'><strong><em>tem,</em></strong></span> <span class='ocrx_word' id='word_1_150' title='bbox 701 2117 807 2164; x_wconf 90' lang='lat' dir='ltr'><strong><em>ctc.</em></strong></span> 
     </span>
    </p>
   </div>
   <div class='ocr_carea' id='block_1_26' title="bbox 604 2179 2118 2250">
    <p class='ocr_par' dir='ltr' id='par_1_26' title="bbox 604 2179 2118 2250">
     <span class='ocr_line' id='line_1_29' title="bbox 604 2179 2118 2250; baseline 0.005 -19"><span class='ocrx_word' id='word_1_151' title='bbox 604 2179 746 2232; x_wconf 76' lang='lat' dir='ltr'><strong><em>&#39;lb&#39;d.</em></strong></span> <span class='ocrx_word' id='word_1_152' title='bbox 784 2179 1109 2233; x_wconf 84' lang='lat' dir='ltr'><strong><em>auditionem</em></strong></span> <span class='ocrx_word' id='word_1_153' title='bbox 1160 2196 1262 2234; x_wconf 88' lang='lat' dir='ltr'><strong><em>non</em></strong></span> <span class='ocrx_word' id='word_1_154' title='bbox 1300 2180 1522 2250; x_wconf 73' lang='lat' dir='ltr'><strong><em>suscipit</em></strong></span> <span class='ocrx_word' id='word_1_155' title='bbox 1570 2194 1794 2245; x_wconf 71' lang='lat' dir='ltr'><strong><em>vanam,</em></strong></span> <span class='ocrx_word' id='word_1_156' title='bbox 1844 2190 1951 2237; x_wconf 86' lang='lat' dir='ltr'><strong><em>etc.</em></strong></span> <span class='ocrx_word' id='word_1_157' title='bbox 1987 2182 2118 2239; x_wconf 88' lang='lat' dir='ltr'><strong><em>Mss.</em></strong></span> 
     </span>
    </p>
   </div>
   <div class='ocr_carea' id='block_1_27' title="bbox 538 2250 2123 2318">
    <p class='ocr_par' dir='ltr' id='par_1_27' title="bbox 538 2250 2123 2318">
     <span class='ocr_line' id='line_1_30' title="bbox 538 2250 2123 2318; baseline 0.005 -18"><span class='ocrx_word' id='word_1_158' title='bbox 538 2250 868 2302; x_wconf 62' lang='lat' dir='ltr'><strong><em>auditionem</em></strong></span> <span class='ocrx_word' id='word_1_159' title='bbox 896 2250 1106 2318; x_wconf 79' lang='lat' dir='ltr'><strong><em>quidem</em></strong></span> <span class='ocrx_word' id='word_1_160' title='bbox 1147 2267 1250 2303; x_wconf 88' lang='lat' dir='ltr'><strong><em>non</em></strong></span> <span class='ocrx_word' id='word_1_161' title='bbox 1280 2252 1505 2317; x_wconf 89' lang='lat' dir='ltr'><strong><em>suscipit</em></strong></span> <span class='ocrx_word' id='word_1_162' title='bbox 1537 2268 1747 2306; x_wconf 81' lang='lat' dir='ltr'><strong><em>vanam.</em></strong></span> <span class='ocrx_word' id='word_1_163' title='bbox 1780 2252 2005 2318; x_wconf 83' lang='lat' dir='ltr'><strong><em>Deinde,</em></strong></span> <span class='ocrx_word' id='word_1_164' title='bbox 2030 2257 2123 2307; x_wconf 89' lang='lat' dir='ltr'><strong><em>ob—</em></strong></span> 
     </span>
    </p>
   </div>
   <div class='ocr_carea' id='block_1_28' title="bbox 538 2317 1550 2388">
    <p class='ocr_par' dir='ltr' id='par_1_28' title="bbox 538 2317 1550 2388">
     <span class='ocr_line' id='line_1_31' title="bbox 538 2317 1550 2388; baseline 0.002 -16"><span class='ocrx_word' id='word_1_165' title='bbox 538 2321 698 2372; x_wconf 60' lang='lat' dir='ltr'><strong><em>durat</em></strong></span> <span class='ocrx_word' id='word_1_166' title='bbox 736 2317 914 2388; x_wconf 78' lang='lat' dir='ltr'><strong><em>aures,</em></strong></span> <span class='ocrx_word' id='word_1_167' title='bbox 945 2317 1103 2385; x_wconf 79' lang='lat' dir='ltr'><strong><em>forte,</em></strong></span> <span class='ocrx_word' id='word_1_168' title='bbox 1122 2322 1347 2374; x_wconf 71' lang='lat' dir='ltr'><strong><em>‘obturat</em></strong></span> <span class='ocrx_word' id='word_1_169' title='bbox 1374 2333 1550 2375; x_wconf 80' lang='lat' dir='ltr'><strong><em>aures.</em></strong></span> 
     </span>
    </p>
   </div>
   <div class='ocr_carea' id='block_1_29' title="bbox 615 2389 2119 2463">
    <p class='ocr_par' dir='ltr' id='par_1_29' title="bbox 615 2389 2119 2463">
     <span class='ocr_line' id='line_1_32' title="bbox 615 2389 2119 2463; baseline 0.006 -22"><span class='ocrx_word' id='word_1_170' title='bbox 615 2389 753 2444; x_wconf 88' lang='lat' dir='ltr'><strong><em>Ibid.</em></strong></span> <span class='ocrx_word' id='word_1_171' title='bbox 782 2392 901 2444; x_wconf 68' lang='lat' dir='ltr'><strong><em>(fele</em></strong></span> <span class='ocrx_word' id='word_1_172' title='bbox 934 2399 1219 2459; x_wconf 85' lang='lat' dir='ltr'><strong><em>punctum,</em></strong></span> <span class='ocrx_word' id='word_1_173' title='bbox 1252 2400 1304 2445; x_wconf 89' lang='lat' dir='ltr'><strong><em>ct</em></strong></span> <span class='ocrx_word' id='word_1_174' title='bbox 1330 2406 1471 2461; x_wconf 85' lang='lat' dir='ltr'><strong><em>pone</em></strong></span> <span class='ocrx_word' id='word_1_175' title='bbox 1498 2391 1766 2462; x_wconf 65' lang='lat' dir='ltr'><strong><em>virgulam</em></strong></span> <span class='ocrx_word' id='word_1_176' title='bbox 1798 2402 1943 2463; x_wconf 82' lang='lat' dir='ltr'><strong><em>post,</em></strong></span> <span class='ocrx_word' id='word_1_177' title='bbox 1974 2396 2119 2450; x_wconf 84' lang='lat' dir='ltr'><strong><em>dicta</em></strong></span> 
     </span>
    </p>
   </div>
   <div class='ocr_carea' id='block_1_30' title="bbox 538 2468 681 2512">
    <p class='ocr_par' dir='ltr' id='par_1_30' title="bbox 538 2468 681 2512">
     <span class='ocr_line' id='line_1_33' title="bbox 538 2468 681 2512; baseline -0.014 0"><span class='ocrx_word' id='word_1_178' title='bbox 538 2475 618 2512; x_wconf 69' lang='grc' dir='ltr'><strong><em>δυ)</em></strong></span> <span class='ocrx_word' id='word_1_179' title='bbox 644 2468 681 2511; x_wconf 81' lang='grc' dir='ltr'><strong><em>ε.</em></strong></span> 
     </span>
    </p>
   </div>
   <div class='ocr_carea' id='block_1_31' title="bbox 612 2526 2115 2601">
    <p class='ocr_par' dir='ltr' id='par_1_31' title="bbox 612 2526 2115 2601">
     <span class='ocr_line' id='line_1_34' title="bbox 612 2526 2115 2601; baseline 0.008 -21"><span class='ocrx_word' id='word_1_180' title='bbox 612 2526 1201 2601; x_wconf 66' lang='grc' dir='ltr'><strong><em>Ιι›ῐά.ᾛοηιο·ᾳιι⁴ἱάαηι</em></strong></span> <span class='ocrx_word' id='word_1_181' title='bbox 1229 2541 1439 2601; x_wconf 78' lang='lat' dir='ltr'><strong><em>peregre</em></strong></span> <span class='ocrx_word' id='word_1_182' title='bbox 1473 2531 1835 2600; x_wconf 82' lang='lat' dir='ltr'><strong><em>proficiscens,</em></strong></span> <span class='ocrx_word' id='word_1_183' title='bbox 1858 2541 1963 2591; x_wconf 84' lang='lat' dir='ltr'><strong><em>etc.</em></strong></span> <span class='ocrx_word' id='word_1_184' title='bbox 1983 2533 2115 2592; x_wconf 88' lang='lat' dir='ltr'><strong><em>Mss.</em></strong></span> 
     </span>
    </p>
   </div>
   <div class='ocr_carea' id='block_1_32' title="bbox 538 2597 1674 2670">
    <p class='ocr_par' dir='ltr' id='par_1_32' title="bbox 538 2597 1674 2670">
     <span class='ocr_line' id='line_1_35' title="bbox 538 2597 1674 2670; baseline 0.002 -17"><span class='ocrx_word' id='word_1_185' title='bbox 538 2597 620 2670; x_wconf 60' lang='lat' dir='ltr'><strong><em>Si.</em></strong></span> <span class='ocrx_word' id='word_1_186' title='bbox 632 2610 687 2651; x_wconf 92' lang='lat' dir='ltr'><strong><em>ut</em></strong></span> <span class='ocrx_word' id='word_1_187' title='bbox 712 2599 851 2653; x_wconf 87' lang='lat' dir='ltr'><strong><em>enim</em></strong></span> <span class='ocrx_word' id='word_1_188' title='bbox 881 2597 1035 2653; x_wconf 53' lang='lat' dir='ltr'><strong><em>hcin&#39;o</em></strong></span> <span class='ocrx_word' id='word_1_189' title='bbox 1071 2597 1281 2670; x_wconf 78' lang='lat' dir='ltr'><strong><em>peregre</em></strong></span> <span class='ocrx_word' id='word_1_190' title='bbox 1309 2597 1542 2670; x_wconf 81' lang='lat' dir='ltr'><strong><em>futurus,</em></strong></span> <span class='ocrx_word' id='word_1_191' title='bbox 1567 2597 1674 2657; x_wconf 76' lang='lat' dir='ltr'><strong><em>etc.</em></strong></span> 
     </span>
    </p>
   </div>
   <div class='ocr_carea' id='block_1_33' title="bbox 608 2669 2116 2741">
    <p class='ocr_par' dir='ltr' id='par_1_33' title="bbox 608 2669 2116 2741">
     <span class='ocr_line' id='line_1_36' title="bbox 608 2669 2116 2741; baseline 0.007 -20"><span class='ocrx_word' id='word_1_192' title='bbox 608 2669 744 2741; x_wconf 81' lang='lat' dir='ltr'><strong><em>Ibid.</em></strong></span> <span class='ocrx_word' id='word_1_193' title='bbox 787 2670 1027 2723; x_wconf 81' lang='lat' dir='ltr'><strong><em>omnitus</em></strong></span> <span class='ocrx_word' id='word_1_194' title='bbox 1058 2669 1274 2731; x_wconf 87' lang='lat' dir='ltr'><strong><em>diebus.</em></strong></span> <span class='ocrx_word' id='word_1_195' title='bbox 1312 2669 1510 2741; x_wconf 83' lang='lat' dir='ltr'><strong><em>usque,</em></strong></span> <span class='ocrx_word' id='word_1_196' title='bbox 1550 2680 1658 2727; x_wconf 91' lang='lat' dir='ltr'><strong><em>etc.</em></strong></span> <span class='ocrx_word' id='word_1_197' title='bbox 1694 2671 1826 2729; x_wconf 89' lang='lat' dir='ltr'><strong><em>Mss.</em></strong></span> <span class='ocrx_word' id='word_1_198' title='bbox 1872 2676 2116 2732; x_wconf 85' lang='lat' dir='ltr'><strong><em>omnibus</em></strong></span> 
     </span>
    </p>
   </div>
   <div class='ocr_carea' id='block_1_34' title="bbox 536 2738 1743 2810">
    <p class='ocr_par' dir='ltr' id='par_1_34' title="bbox 536 2738 1743 2810">
     <span class='ocr_line' id='line_1_37' title="bbox 536 2738 1743 2810; baseline 0.005 -18"><span class='ocrx_word' id='word_1_199' title='bbox 536 2738 716 2810; x_wconf 85' lang='lat' dir='ltr'><strong><em>diebus</em></strong></span> <span class='ocrx_word' id='word_1_200' title='bbox 744 2740 887 2804; x_wconf 69' lang='lat' dir='ltr'><strong><em>vitta,</em></strong></span> <span class='ocrx_word' id='word_1_201' title='bbox 919 2754 1099 2810; x_wconf 81' lang='lat' dir='ltr'><strong><em>usque,</em></strong></span> <span class='ocrx_word' id='word_1_202' title='bbox 1130 2749 1236 2796; x_wconf 88' lang='lat' dir='ltr'><strong><em>etc.</em></strong></span> <span class='ocrx_word' id='word_1_203' title='bbox 1394 2738 1404 2741; x_wconf 50' lang='grc'>⁷</span> <span class='ocrx_word' id='word_1_204' title='bbox 1730 2764 1743 2774; x_wconf 52' lang='grc' dir='ltr'><strong><em>ν</em></strong></span> 
     </span>
    </p>
   </div>
   <div class='ocr_carea' id='block_1_35' title="bbox 609 2809 2114 2881">
    <p class='ocr_par' dir='ltr' id='par_1_35' title="bbox 609 2809 2114 2881">
     <span class='ocr_line' id='line_1_38' title="bbox 609 2809 2114 2881; baseline 0.007 -20"><span class='ocrx_word' id='word_1_205' title='bbox 609 2809 744 2863; x_wconf 87' lang='lat' dir='ltr'><strong><em>Ibid.</em></strong></span> <span class='ocrx_word' id='word_1_206' title='bbox 816 2811 1159 2881; x_wconf 11' lang='lat' dir='ltr'><strong><em>proponitur,</em></strong></span> <span class='ocrx_word' id='word_1_207' title='bbox 1195 2812 1579 2881; x_wconf 81' lang='lat' dir='ltr'><strong><em>peregrinam?</em></strong></span> <span class='ocrx_word' id='word_1_208' title='bbox 1642 2810 1953 2869; x_wconf 82' lang='lat' dir='ltr'><strong><em>Tractantes</em></strong></span> <span class='ocrx_word' id='word_1_209' title='bbox 2012 2831 2114 2871; x_wconf 80' lang='lat' dir='ltr'><strong><em>au-</em></strong></span> 
     </span>
    </p>
   </div>
   <div class='ocr_carea' id='block_1_36' title="bbox 536 2878 2117 2954">
    <p class='ocr_par' dir='ltr' id='par_1_36' title="bbox 536 2878 2117 2954">
     <span class='ocr_line' id='line_1_39' title="bbox 536 2878 2117 2954; baseline 0.007 -23"><span class='ocrx_word' id='word_1_210' title='bbox 536 2887 671 2946; x_wconf 89' lang='lat' dir='ltr'><strong><em>tem,</em></strong></span> <span class='ocrx_word' id='word_1_211' title='bbox 711 2878 824 2934; x_wconf 73' lang='lat' dir='ltr'><strong><em>etc.</em></strong></span> <span class='ocrx_word' id='word_1_212' title='bbox 862 2878 994 2935; x_wconf 89' lang='lat' dir='ltr'><strong><em>Mss.</em></strong></span> <span class='ocrx_word' id='word_1_213' title='bbox 1037 2878 1667 2954; x_wconf 77' lang='lat' dir='ltr'><strong><em>ponitur&#39;peregrinans?</em></strong></span> <span class='ocrx_word' id='word_1_214' title='bbox 1696 2883 1743 2937; x_wconf 86' lang='grc' dir='ltr'><strong><em>Τ</em></strong></span> <span class='ocrx_word' id='word_1_215' title='bbox 1748 2886 1987 2941; x_wconf 89' lang='lat' dir='ltr'><strong><em>radentes</em></strong></span> <span class='ocrx_word' id='word_1_216' title='bbox 2017 2905 2117 2942; x_wconf 88' lang='lat' dir='ltr'><strong><em>au-</em></strong></span> 
     </span>
    </p>
   </div>
   <div class='ocr_carea' id='block_1_37' title="bbox 536 2957 799 3015">
    <p class='ocr_par' dir='ltr' id='par_1_37' title="bbox 536 2957 799 3015">
     <span class='ocr_line' id='line_1_40' title="bbox 536 2957 799 3015; baseline 0.011 -14"><span class='ocrx_word' id='word_1_217' title='bbox 536 2957 661 3015; x_wconf 89' lang='lat' dir='ltr'><strong><em>tem,</em></strong></span> <span class='ocrx_word' id='word_1_218' title='bbox 694 2959 799 3004; x_wconf 83' lang='lat' dir='ltr'><strong><em>etc.</em></strong></span> 
     </span>
    </p>
   </div>
   <div class='ocr_carea' id='block_1_38' title="bbox 604 3018 2108 3095">
    <p class='ocr_par' dir='ltr' id='par_1_38' title="bbox 604 3018 2108 3095">
     <span class='ocr_line' id='line_1_41' title="bbox 604 3018 2108 3095; baseline 0.009 -24"><span class='ocrx_word' id='word_1_219' title='bbox 604 3018 744 3095; x_wconf 62' lang='grc' dir='ltr'><strong><em>Ριιε.Δ</em></strong></span> <span class='ocrx_word' id='word_1_220' title='bbox 766 3018 993 3095; x_wconf 81' lang='lat' dir='ltr'><strong><em>885._sic</em></strong></span> <span class='ocrx_word' id='word_1_221' title='bbox 1019 3030 1068 3073; x_wconf 92' lang='lat' dir='ltr'><strong><em>et</em></strong></span> <span class='ocrx_word' id='word_1_222' title='bbox 1092 3018 1273 3095; x_wconf 76' lang='lat' dir='ltr'><strong><em>Iesus,</em></strong></span> <span class='ocrx_word' id='word_1_223' title='bbox 1305 3033 1398 3077; x_wconf 89' lang='lat' dir='ltr'><strong><em>aut</em></strong></span> <span class='ocrx_word' id='word_1_224' title='bbox 1430 3024 1509 3077; x_wconf 88' lang='lat' dir='ltr'><strong><em>i&#39;ta</em></strong></span> <span class='ocrx_word' id='word_1_225' title='bbox 1529 3064 1543 3089; x_wconf 96' lang='lat'><strong><em>,</em></strong></span> <span class='ocrx_word' id='word_1_226' title='bbox 1576 3025 1652 3078; x_wconf 89' lang='lat' dir='ltr'><strong><em>sic</em></strong></span> <span class='ocrx_word' id='word_1_227' title='bbox 1681 3035 1729 3079; x_wconf 90' lang='lat' dir='ltr'><strong><em>et</em></strong></span> <span class='ocrx_word' id='word_1_228' title='bbox 1754 3022 1936 3081; x_wconf 81' lang='lat' dir='ltr'><strong><em>&#39;Filius</em></strong></span> <span class='ocrx_word' id='word_1_229' title='bbox 1956 3068 1971 3095; x_wconf 92' lang='lat'><strong><em>,</em></strong></span> <span class='ocrx_word' id='word_1_230' title='bbox 2002 3036 2108 3084; x_wconf 91' lang='lat' dir='ltr'><strong><em>etc.</em></strong></span> 
     </span>
    </p>
   </div>
   <div class='ocr_carea' id='block_1_39' title="bbox 535 3084 2110 3166">
    <p class='ocr_par' dir='ltr' id='par_1_39' title="bbox 535 3084 2110 3166">
     <span class='ocr_line' id='line_1_42' title="bbox 535 3084 2110 3166; baseline 0.009 -25"><span class='ocrx_word' id='word_1_231' title='bbox 686 3084 776 3143; x_wconf 68' lang='grc' dir='ltr'><strong><em>’.ςέο</em></strong></span> <span class='ocrx_word' id='word_1_232' title='bbox 807 3098 855 3143; x_wconf 88' lang='lat' dir='ltr'><strong><em>et</em></strong></span> <span class='ocrx_word' id='word_1_233' title='bbox 879 3087 1036 3144; x_wconf 86' lang='lat' dir='ltr'><strong><em>Jesus</em></strong></span> <span class='ocrx_word' id='word_1_234' title='bbox 1057 3131 1071 3157; x_wconf 94' lang='lat'><strong><em>,</em></strong></span> <span class='ocrx_word' id='word_1_235' title='bbox 1104 3102 1195 3146; x_wconf 90' lang='lat' dir='ltr'><strong><em>aut</em></strong></span> <span class='ocrx_word' id='word_1_236' title='bbox 1224 3084 1333 3160; x_wconf 89' lang='lat' dir='ltr'><strong><em>ita,</em></strong></span> <span class='ocrx_word' id='word_1_237' title='bbox 1356 3095 1433 3148; x_wconf 88' lang='lat' dir='ltr'><strong><em>sic</em></strong></span> <span class='ocrx_word' id='word_1_238' title='bbox 1461 3106 1512 3148; x_wconf 89' lang='lat' dir='ltr'><strong><em>et</em></strong></span> <span class='ocrx_word' id='word_1_239' title='bbox 1530 3084 1655 3166; x_wconf 78' lang='lat' dir='ltr'><strong><em>ego,</em></strong></span> <span class='ocrx_word' id='word_1_240' title='bbox 1688 3105 1781 3150; x_wconf 88' lang='lat' dir='ltr'><strong><em>aut</em></strong></span> <span class='ocrx_word' id='word_1_241' title='bbox 1812 3098 1922 3164; x_wconf 89' lang='lat' dir='ltr'><strong><em>ita,</em></strong></span> <span class='ocrx_word' id='word_1_242' title='bbox 1955 3084 2033 3154; x_wconf 78' lang='lat' dir='ltr'><strong><em>sic</em></strong></span> <span class='ocrx_word' id='word_1_243' title='bbox 2060 3104 2110 3155; x_wconf 73' lang='lat' dir='ltr'><strong><em>et</em></strong></span> 
     </span>
    </p>
   </div>
   <div class='ocr_carea' id='block_1_40' title="bbox 537 3156 877 3222">
    <p class='ocr_par' dir='ltr' id='par_1_40' title="bbox 537 3156 877 3222">
     <span class='ocr_line' id='line_1_43' title="bbox 537 3156 877 3222; baseline 0.015 -13"><span class='ocrx_word' id='word_1_244' title='bbox 537 3156 739 3222; x_wconf 79' lang='lat' dir='ltr'><strong><em>Filius,</em></strong></span> <span class='ocrx_word' id='word_1_245' title='bbox 769 3169 877 3214; x_wconf 90' lang='lat' dir='ltr'><strong><em>etc.</em></strong></span> 
     </span>
    </p>
   </div>
   <div class='ocr_carea' id='block_1_41' title="bbox 606 3227 2113 3308">
    <p class='ocr_par' dir='ltr' id='par_1_41' title="bbox 606 3227 2113 3308">
     <span class='ocr_line' id='line_1_44' title="bbox 606 3227 2113 3308; baseline 0.008 -27"><span class='ocrx_word' id='word_1_246' title='bbox 606 3227 739 3308; x_wconf 85' lang='lat' dir='ltr'><strong><em>Ibid.</em></strong></span> <span class='ocrx_word' id='word_1_247' title='bbox 801 3239 851 3282; x_wconf 87' lang='lat' dir='ltr'><strong><em>et</em></strong></span> <span class='ocrx_word' id='word_1_248' title='bbox 897 3228 1005 3299; x_wconf 87' lang='lat' dir='ltr'><strong><em>ipse</em></strong></span> <span class='ocrx_word' id='word_1_249' title='bbox 1048 3237 1170 3284; x_wconf 89' lang='lat' dir='ltr'><strong><em>tunc</em></strong></span> <span class='ocrx_word' id='word_1_250' title='bbox 1223 3231 1361 3297; x_wconf 83' lang='lat' dir='ltr'><strong><em>erit,</em></strong></span> <span class='ocrx_word' id='word_1_251' title='bbox 1408 3241 1516 3288; x_wconf 86' lang='lat' dir='ltr'><strong><em>etc.</em></strong></span> <span class='ocrx_word' id='word_1_252' title='bbox 1564 3233 1695 3290; x_wconf 92' lang='lat' dir='ltr'><strong><em>Mss.</em></strong></span> <span class='ocrx_word' id='word_1_253' title='bbox 1747 3245 1871 3290; x_wconf 89' lang='lat' dir='ltr'><strong><em>tunc</em></strong></span> <span class='ocrx_word' id='word_1_254' title='bbox 1905 3248 1954 3291; x_wconf 89' lang='lat' dir='ltr'><strong><em>et</em></strong></span> <span class='ocrx_word' id='word_1_255' title='bbox 2002 3239 2113 3308; x_wconf 77' lang='lat' dir='ltr'><strong><em>ipse</em></strong></span> 
     </span>
    </p>
   </div>
   <div class='ocr_carea' id='block_1_42' title="bbox 533 3299 797 3364">
    <p class='ocr_par' dir='ltr' id='par_1_42' title="bbox 533 3299 797 3364">
     <span class='ocr_line' id='line_1_45' title="bbox 533 3299 797 3364; baseline 0.004 -13"><span class='ocrx_word' id='word_1_256' title='bbox 533 3299 656 3364; x_wconf 87' lang='lat' dir='ltr'><strong><em>erit,</em></strong></span> <span class='ocrx_word' id='word_1_257' title='bbox 691 3307 797 3354; x_wconf 88' lang='lat' dir='ltr'><strong><em>etc.</em></strong></span> 
     </span>
    </p>
   </div>
   <div class='ocr_carea' id='block_1_43' title="bbox 604 3368 2111 3447">
    <p class='ocr_par' dir='ltr' id='par_1_43' title="bbox 604 3368 2111 3447">
     <span class='ocr_line' id='line_1_46' title="bbox 604 3368 2111 3447; baseline 0.007 -26"><span class='ocrx_word' id='word_1_258' title='bbox 604 3368 738 3424; x_wconf 85' lang='lat' dir='ltr'><strong><em>Ibid.</em></strong></span> <span class='ocrx_word' id='word_1_259' title='bbox 772 3369 863 3439; x_wconf 88' lang='lat' dir='ltr'><strong><em>qui</em></strong></span> <span class='ocrx_word' id='word_1_260' title='bbox 895 3369 1124 3440; x_wconf 88' lang='lat' dir='ltr'><strong><em>quinque</em></strong></span> <span class='ocrx_word' id='word_1_261' title='bbox 1156 3381 1499 3441; x_wconf 89' lang='lat' dir='ltr'><strong><em>acceperant,</em></strong></span> <span class='ocrx_word' id='word_1_262' title='bbox 1530 3381 1638 3431; x_wconf 86' lang='lat' dir='ltr'><strong><em>etc.</em></strong></span> <span class='ocrx_word' id='word_1_263' title='bbox 1674 3372 1804 3430; x_wconf 88' lang='lat' dir='ltr'><strong><em>Mss.</em></strong></span> <span class='ocrx_word' id='word_1_264' title='bbox 1836 3376 1927 3446; x_wconf 88' lang='lat' dir='ltr'><strong><em>qui</em></strong></span> <span class='ocrx_word' id='word_1_265' title='bbox 1955 3377 2111 3447; x_wconf 88' lang='lat' dir='ltr'><strong><em>quin-</em></strong></span> 
     </span>
    </p>
   </div>
   <div class='ocr_carea' id='block_1_44' title="bbox 533 3448 1123 3508">
    <p class='ocr_par' dir='ltr' id='par_1_44' title="bbox 533 3448 1123 3508">
     <span class='ocr_line' id='line_1_47' title="bbox 533 3448 1123 3508; baseline 0.014 -20"><span class='ocrx_word' id='word_1_266' title='bbox 533 3454 629 3508; x_wconf 76' lang='lat' dir='ltr'><strong><em>que</em></strong></span> <span class='ocrx_word' id='word_1_267' title='bbox 654 3448 989 3508; x_wconf 86' lang='lat' dir='ltr'><strong><em>acceperunt,</em></strong></span> <span class='ocrx_word' id='word_1_268' title='bbox 1017 3450 1123 3496; x_wconf 86' lang='lat' dir='ltr'><strong><em>etc.</em></strong></span> 
     </span>
    </p>
   </div>
   <div class='ocr_carea' id='block_1_45' title="bbox 601 3506 2107 3584">
    <p class='ocr_par' dir='ltr' id='par_1_45' title="bbox 601 3506 2107 3584">
     <span class='ocr_line' id='line_1_48' title="bbox 601 3506 2107 3584; baseline 0.011 -26"><span class='ocrx_word' id='word_1_269' title='bbox 762 3506 987 3584; x_wconf 74' lang='lat' dir='ltr'><strong><em>quiduo</em></strong></span> <span class='ocrx_word' id='word_1_270' title='bbox 1010 3520 1209 3584; x_wconf 81' lang='lat' dir='ltr'><strong><em>autem,</em></strong></span> <span class='ocrx_word' id='word_1_271' title='bbox 1231 3520 1336 3567; x_wconf 86' lang='lat' dir='ltr'><strong><em>etc.</em></strong></span> <span class='ocrx_word' id='word_1_272' title='bbox 1367 3511 1496 3568; x_wconf 90' lang='lat' dir='ltr'><strong><em>Mss.</em></strong></span> <span class='ocrx_word' id='word_1_273' title='bbox 1527 3514 1617 3584; x_wconf 87' lang='lat' dir='ltr'><strong><em>qui</em></strong></span> <span class='ocrx_word' id='word_1_274' title='bbox 1652 3526 1828 3570; x_wconf 89' lang='lat' dir='ltr'><strong><em>autem</em></strong></span> <span class='ocrx_word' id='word_1_275' title='bbox 1849 3516 1979 3582; x_wconf 91' lang='lat' dir='ltr'><strong><em>duo,</em></strong></span> <span class='ocrx_word' id='word_1_276' title='bbox 2000 3526 2107 3574; x_wconf 87' lang='lat' dir='ltr'><strong><em>etc.</em></strong></span> 
     </span>
    </p>
   </div>
   <div class='ocr_carea' id='block_1_46' title="bbox 604 3579 2109 3660">
    <p class='ocr_par' dir='ltr' id='par_1_46' title="bbox 604 3579 2109 3660">
     <span class='ocr_line' id='line_1_49' title="bbox 604 3579 2109 3660; baseline 0.007 -29"><span class='ocrx_word' id='word_1_277' title='bbox 604 3579 737 3660; x_wconf 78' lang='lat' dir='ltr'><strong><em>Ibid.</em></strong></span> <span class='ocrx_word' id='word_1_278' title='bbox 768 3595 831 3660; x_wconf 83' lang='lat' dir='ltr'><strong><em>ne</em></strong></span> <span class='ocrx_word' id='word_1_279' title='bbox 856 3582 992 3648; x_wconf 80' lang='lat' dir='ltr'><strong><em>forte</em></strong></span> <span class='ocrx_word' id='word_1_280' title='bbox 1022 3582 1149 3650; x_wconf 89' lang='lat' dir='ltr'><strong><em>quia</em></strong></span> <span class='ocrx_word' id='word_1_281' title='bbox 1181 3584 1356 3636; x_wconf 88' lang='lat' dir='ltr'><strong><em>omnia</em></strong></span> <span class='ocrx_word' id='word_1_282' title='bbox 1382 3624 1397 3652; x_wconf 91' lang='lat'><strong><em>,</em></strong></span> <span class='ocrx_word' id='word_1_283' title='bbox 1442 3579 1549 3640; x_wconf 71' lang='lat' dir='ltr'><strong><em>etc.</em></strong></span> <span class='ocrx_word' id='word_1_284' title='bbox 1592 3583 1722 3641; x_wconf 88' lang='lat' dir='ltr'><strong><em>Mss.</em></strong></span> <span class='ocrx_word' id='word_1_285' title='bbox 1761 3602 1823 3641; x_wconf 86' lang='lat' dir='ltr'><strong><em>ne</em></strong></span> <span class='ocrx_word' id='word_1_286' title='bbox 1851 3579 1989 3657; x_wconf 84' lang='lat' dir='ltr'><strong><em>forte</em></strong></span> <span class='ocrx_word' id='word_1_287' title='bbox 2019 3590 2109 3659; x_wconf 87' lang='lat' dir='ltr'><strong><em>qui</em></strong></span> 
     </span>
    </p>
   </div>
   <div class='ocr_carea' id='block_1_47' title="bbox 532 3658 866 3713">
    <p class='ocr_par' dir='ltr' id='par_1_47' title="bbox 532 3658 866 3713">
     <span class='ocr_line' id='line_1_50' title="bbox 532 3658 866 3713; baseline 0.006 -11"><span class='ocrx_word' id='word_1_288' title='bbox 532 3658 733 3713; x_wconf 77' lang='lat' dir='ltr'><strong><em>omnia,</em></strong></span> <span class='ocrx_word' id='word_1_289' title='bbox 761 3658 866 3704; x_wconf 87' lang='lat' dir='ltr'><strong><em>etc.</em></strong></span> 
     </span>
    </p>
   </div>
   <div class='ocr_carea' id='block_1_48' title="bbox 596 3716 2107 3799">
    <p class='ocr_par' dir='ltr' id='par_1_48' title="bbox 596 3716 2107 3799">
     <span class='ocr_line' id='line_1_51' title="bbox 596 3716 2107 3799; baseline 0.007 -29"><span class='ocrx_word' id='word_1_290' title='bbox 596 3716 735 3799; x_wconf 60' lang='lat' dir='ltr'><strong><em>ibid:</em></strong></span> <span class='ocrx_word' id='word_1_291' title='bbox 774 3722 843 3772; x_wconf 93' lang='lat' dir='ltr'><strong><em>ad</em></strong></span> <span class='ocrx_word' id='word_1_292' title='bbox 872 3720 1264 3799; x_wconf 66' lang='lat' dir='ltr'><strong><em>discretionem.</em></strong></span> <span class='ocrx_word' id='word_1_293' title='bbox 1296 3722 1435 3799; x_wconf 81' lang='lat' dir='ltr'><strong><em>Boni</em></strong></span> <span class='ocrx_word' id='word_1_294' title='bbox 1466 3740 1667 3799; x_wconf 86' lang='lat' dir='ltr'><strong><em>quoque</em></strong></span> <span class='ocrx_word' id='word_1_295' title='bbox 1688 3735 1736 3779; x_wconf 90' lang='lat' dir='ltr'><strong><em>et</em></strong></span> <span class='ocrx_word' id='word_1_296' title='bbox 1766 3725 1821 3779; x_wconf 91' lang='lat' dir='ltr'><strong><em>hi</em></strong></span> <span class='ocrx_word' id='word_1_297' title='bbox 1848 3729 2107 3799; x_wconf 80' lang='lat' dir='ltr'><strong><em>suntqui,</em></strong></span> 
     </span>
    </p>
   </div>
   <div class='ocr_carea' id='block_1_49' title="bbox 520 3788 2109 3866">
    <p class='ocr_par' dir='ltr' id='par_1_49' title="bbox 520 3788 2109 3866">
     <span class='ocr_line' id='line_1_52' title="bbox 520 3788 2109 3866; baseline 0.008 -25"><span class='ocrx_word' id='word_1_298' title='bbox 520 3797 637 3842; x_wconf 75' lang='lat' dir='ltr'><strong><em>etc.</em></strong></span> <span class='ocrx_word' id='word_1_299' title='bbox 680 3788 813 3866; x_wconf 78' lang='lat' dir='ltr'><strong><em>Mss.</em></strong></span> <span class='ocrx_word' id='word_1_300' title='bbox 860 3791 931 3844; x_wconf 84' lang='lat' dir='ltr'><strong><em>ad</em></strong></span> <span class='ocrx_word' id='word_1_301' title='bbox 957 3792 1327 3847; x_wconf 78' lang='lat' dir='ltr'><strong><em>discretionem</em></strong></span> <span class='ocrx_word' id='word_1_302' title='bbox 1365 3788 1488 3847; x_wconf 78' lang='lat' dir='ltr'><strong><em>boni</em></strong></span> <span class='ocrx_word' id='word_1_303' title='bbox 1516 3788 1720 3866; x_wconf 76' lang='lat' dir='ltr'><strong><em>quoque</em></strong></span> <span class='ocrx_word' id='word_1_304' title='bbox 1759 3805 1808 3849; x_wconf 90' lang='lat' dir='ltr'><strong><em>et</em></strong></span> <span class='ocrx_word' id='word_1_305' title='bbox 1838 3798 1966 3852; x_wconf 88' lang='lat' dir='ltr'><strong><em>mali</em></strong></span> <span class='ocrx_word' id='word_1_306' title='bbox 1992 3788 2018 3866; x_wconf 87' lang='grc'><em>,’</em></span> <span class='ocrx_word' id='word_1_307' title='bbox 2054 3788 2109 3854; x_wconf 80' lang='lat' dir='ltr'><strong><em>hi</em></strong></span> 
     </span>
    </p>
   </div>
   <div class='ocr_carea' id='block_1_50' title="bbox 528 3861 927 3927">
    <p class='ocr_par' dir='ltr' id='par_1_50' title="bbox 528 3861 927 3927">
     <span class='ocr_line' id='line_1_53' title="bbox 528 3861 927 3927; baseline 0.008 -17"><span class='ocrx_word' id='word_1_308' title='bbox 528 3868 650 3927; x_wconf 74' lang='lat' dir='ltr'><strong><em>sunt</em></strong></span> <span class='ocrx_word' id='word_1_309' title='bbox 682 3861 793 3927; x_wconf 88' lang='lat' dir='ltr'><strong><em>qui,</em></strong></span> <span class='ocrx_word' id='word_1_310' title='bbox 822 3868 927 3915; x_wconf 87' lang='lat' dir='ltr'><strong><em>ctc.</em></strong></span> 
     </span>
    </p>
   </div>
   <div class='ocr_carea' id='block_1_51' title="bbox 600 3926 2108 4003">
    <p class='ocr_par' dir='ltr' id='par_1_51' title="bbox 600 3926 2108 4003">
     <span class='ocr_line' id='line_1_54' title="bbox 600 3926 2108 4003; baseline 0.009 -24"><span class='ocrx_word' id='word_1_311' title='bbox 600 3926 736 3982; x_wconf 87' lang='lat' dir='ltr'><strong><em>Ibid.</em></strong></span> <span class='ocrx_word' id='word_1_312' title='bbox 765 3928 1188 3985; x_wconf 85' lang='lat' dir='ltr'><strong><em>additamentum</em></strong></span> <span class='ocrx_word' id='word_1_313' title='bbox 1221 3932 1420 4003; x_wconf 75' lang='lat' dir='ltr'><strong><em>accepit</em></strong></span> <span class='ocrx_word' id='word_1_314' title='bbox 1448 3934 1685 4002; x_wconf 73' lang='lat' dir='ltr'><strong><em>virtutis,</em></strong></span> <span class='ocrx_word' id='word_1_315' title='bbox 1710 3944 1815 3992; x_wconf 89' lang='lat' dir='ltr'><strong><em>ctc.</em></strong></span> <span class='ocrx_word' id='word_1_316' title='bbox 1845 3935 1975 3993; x_wconf 85' lang='lat' dir='ltr'><strong><em>Mss.</em></strong></span> <span class='ocrx_word' id='word_1_317' title='bbox 2009 3937 2108 3992; x_wconf 89' lang='lat' dir='ltr'><strong><em>ad-</em></strong></span> 
     </span>
    </p>
   </div>
   <div class='ocr_carea' id='block_1_52' title="bbox 529 3997 1505 4069">
    <p class='ocr_par' dir='ltr' id='par_1_52' title="bbox 529 3997 1505 4069">
     <span class='ocr_line' id='line_1_55' title="bbox 529 3997 1505 4069; baseline 0.008 -19"><span class='ocrx_word' id='word_1_318' title='bbox 529 3997 882 4069; x_wconf 51' lang='lat' dir='ltr'><strong><em>dit_amen:tum</em></strong></span> <span class='ocrx_word' id='word_1_319' title='bbox 912 4003 1105 4069; x_wconf 88' lang='lat' dir='ltr'><strong><em>accipit</em></strong></span> <span class='ocrx_word' id='word_1_320' title='bbox 1136 3997 1369 4068; x_wconf 77' lang='lat' dir='ltr'><strong><em>virtutis,</em></strong></span> <span class='ocrx_word' id='word_1_321' title='bbox 1399 4014 1505 4058; x_wconf 90' lang='lat' dir='ltr'><strong><em>ctc.</em></strong></span> 
     </span>
    </p>
   </div>
   <div class='ocr_carea' id='block_1_53' title="bbox 599 4066 2103 4148">
    <p class='ocr_par' dir='ltr' id='par_1_53' title="bbox 599 4066 2103 4148">
     <span class='ocr_line' id='line_1_56' title="bbox 599 4066 2103 4148; baseline 0.009 -29"><span class='ocrx_word' id='word_1_322' title='bbox 599 4066 729 4148; x_wconf 42' lang='lat' dir='ltr'><strong><em>fug:</em></strong></span> <span class='ocrx_word' id='word_1_323' title='bbox 753 4067 878 4148; x_wconf 61' lang='lat'><strong>884.</strong></span> <span class='ocrx_word' id='word_1_324' title='bbox 915 4066 1055 4148; x_wconf 62' lang='lat' dir='ltr'><strong><em>qugd</em></strong></span> <span class='ocrx_word' id='word_1_325' title='bbox 1080 4072 1232 4148; x_wconf 76' lang='lat' dir='ltr'><strong><em>habet</em></strong></span> <span class='ocrx_word' id='word_1_326' title='bbox 1253 4066 1388 4143; x_wconf 78' lang='lat' dir='ltr'><strong><em>ipse.</em></strong></span> <span class='ocrx_word' id='word_1_327' title='bbox 1410 4073 1544 4148; x_wconf 64' lang='lat' dir='ltr'><strong><em>Mss.</em></strong></span> <span class='ocrx_word' id='word_1_328' title='bbox 1558 4075 1698 4148; x_wconf 86' lang='lat' dir='ltr'><strong><em>quod</em></strong></span> <span class='ocrx_word' id='word_1_329' title='bbox 1717 4075 1870 4148; x_wconf 89' lang='lat' dir='ltr'><strong><em>habet</em></strong></span> <span class='ocrx_word' id='word_1_330' title='bbox 1894 4087 1943 4145; x_wconf 70' lang='lat' dir='ltr'><strong><em>et</em></strong></span> <span class='ocrx_word' id='word_1_331' title='bbox 1973 4078 2103 4148; x_wconf 86' lang='lat' dir='ltr'><strong><em>ipse.</em></strong></span> 
     </span>
    </p>
   </div>
   <div class='ocr_carea' id='block_1_54' title="bbox 597 4137 2107 4212">
    <p class='ocr_par' dir='ltr' id='par_1_54' title="bbox 597 4137 2107 4212">
     <span class='ocr_line' id='line_1_57' title="bbox 597 4137 2107 4212; baseline 0.009 -22"><span class='ocrx_word' id='word_1_332' title='bbox 597 4137 732 4191; x_wconf 87' lang='lat' dir='ltr'><strong><em>Ibid.</em></strong></span> <span class='ocrx_word' id='word_1_333' title='bbox 763 4147 811 4191; x_wconf 90' lang='lat' dir='ltr'><strong><em>et</em></strong></span> <span class='ocrx_word' id='word_1_334' title='bbox 838 4138 902 4193; x_wconf 91' lang='lat' dir='ltr'><strong><em>de</em></strong></span> <span class='ocrx_word' id='word_1_335' title='bbox 926 4137 1046 4195; x_wconf 80' lang='lat' dir='ltr'><strong><em>illis</em></strong></span> <span class='ocrx_word' id='word_1_336' title='bbox 1073 4137 1337 4212; x_wconf 81' lang='lat' dir='ltr'><strong><em>dicimus,</em></strong></span> <span class='ocrx_word' id='word_1_337' title='bbox 1368 4154 1473 4199; x_wconf 84' lang='lat' dir='ltr'><strong><em>etc.</em></strong></span> <span class='ocrx_word' id='word_1_338' title='bbox 1524 4137 1656 4201; x_wconf 46' lang='lat' dir='ltr'><strong><em>MSS.</em></strong></span> <span class='ocrx_word' id='word_1_339' title='bbox 1692 4156 1742 4200; x_wconf 87' lang='lat' dir='ltr'><strong><em>et</em></strong></span> <span class='ocrx_word' id='word_1_340' title='bbox 1772 4146 1837 4201; x_wconf 83' lang='lat' dir='ltr'><strong><em>de</em></strong></span> <span class='ocrx_word' id='word_1_341' title='bbox 1876 4137 2004 4203; x_wconf 46' lang='lat' dir='ltr'><strong><em>illis.</em></strong></span> <span class='ocrx_word' id='word_1_342' title='bbox 2028 4149 2107 4202; x_wconf 85' lang='lat' dir='ltr'><strong><em>di-</em></strong></span> 
     </span>
    </p>
   </div>
   <div class='ocr_carea' id='block_1_55' title="bbox 526 4217 861 4272">
    <p class='ocr_par' dir='ltr' id='par_1_55' title="bbox 526 4217 861 4272">
     <span class='ocr_line' id='line_1_58' title="bbox 526 4217 861 4272; baseline 0.012 -13"><span class='ocrx_word' id='word_1_343' title='bbox 526 4222 721 4272; x_wconf 84' lang='lat' dir='ltr'><strong><em>cemus,</em></strong></span> <span class='ocrx_word' id='word_1_344' title='bbox 755 4217 861 4263; x_wconf 82' lang='lat' dir='ltr'><strong><em>etc.</em></strong></span> 
     </span>
    </p>
   </div>
   <div class='ocr_carea' id='block_1_56' title="bbox 596 4277 2094 4355">
    <p class='ocr_par' dir='ltr' id='par_1_56' title="bbox 596 4277 2094 4355">
     <span class='ocr_line' id='line_1_59' title="bbox 596 4277 2094 4355; baseline 0.011 -28"><span class='ocrx_word' id='word_1_345' title='bbox 596 4277 731 4355; x_wconf 75' lang='lat' dir='ltr'><strong><em>Ibid.</em></strong></span> <span class='ocrx_word' id='word_1_346' title='bbox 756 4286 805 4355; x_wconf 71' lang='lat' dir='ltr'><strong><em>et</em></strong></span> <span class='ocrx_word' id='word_1_347' title='bbox 839 4279 895 4331; x_wconf 85' lang='lat' dir='ltr'><strong><em>in</em></strong></span> <span class='ocrx_word' id='word_1_348' title='bbox 927 4278 1237 4355; x_wconf 77' lang='lat' dir='ltr'><strong><em>altitudines</em></strong></span> <span class='ocrx_word' id='word_1_349' title='bbox 1261 4285 1438 4354; x_wconf 81' lang='lat' dir='ltr'><strong><em>posuit</em></strong></span> <span class='ocrx_word' id='word_1_350' title='bbox 1468 4286 1605 4355; x_wconf 81' lang='lat' dir='ltr'><strong><em>ejus.</em></strong></span> <span class='ocrx_word' id='word_1_351' title='bbox 1640 4283 1774 4343; x_wconf 88' lang='lat' dir='ltr'><strong><em>Mss.</em></strong></span> <span class='ocrx_word' id='word_1_352' title='bbox 1806 4296 1856 4341; x_wconf 92' lang='lat' dir='ltr'><strong><em>et</em></strong></span> <span class='ocrx_word' id='word_1_353' title='bbox 1889 4288 1946 4342; x_wconf 89' lang='lat' dir='ltr'><strong><em>in</em></strong></span> <span class='ocrx_word' id='word_1_354' title='bbox 1976 4288 2094 4343; x_wconf 86' lang='lat' dir='ltr'><strong><em>alti-</em></strong></span> 
     </span>
    </p>
   </div>
   <div class='ocr_carea' id='block_1_57' title="bbox 522 4344 1073 4417">
    <p class='ocr_par' dir='ltr' id='par_1_57' title="bbox 522 4344 1073 4417">
     <span class='ocr_line' id='line_1_60' title="bbox 522 4344 1073 4417; baseline 0.009 -18"><span class='ocrx_word' id='word_1_355' title='bbox 522 4344 705 4417; x_wconf 71' lang='lat' dir='ltr'><strong><em>tudine</em></strong></span> <span class='ocrx_word' id='word_1_356' title='bbox 731 4347 847 4416; x_wconf 89' lang='lat' dir='ltr'><strong><em>ejus</em></strong></span> <span class='ocrx_word' id='word_1_357' title='bbox 867 4351 1073 4417; x_wconf 89' lang='lat' dir='ltr'><strong><em>posuit.</em></strong></span> 
     </span>
    </p>
   </div>
   <div class='ocr_carea' id='block_1_58' title="bbox 596 4415 2103 4499">
    <p class='ocr_par' dir='ltr' id='par_1_58' title="bbox 596 4415 2103 4499">
     <span class='ocr_line' id='line_1_61' title="bbox 596 4415 2103 4499; baseline 0.011 -33"><span class='ocrx_word' id='word_1_358' title='bbox 596 4415 727 4470; x_wconf 83' lang='lat' dir='ltr'><strong><em>Ibid.</em></strong></span> <span class='ocrx_word' id='word_1_359' title='bbox 759 4415 973 4499; x_wconf 71' lang='lat' dir='ltr'><strong><em>quidem</em></strong></span> <span class='ocrx_word' id='word_1_360' title='bbox 1002 4431 1249 4499; x_wconf 68' lang='lat' dir='ltr'><strong><em>operatus</em></strong></span> <span class='ocrx_word' id='word_1_361' title='bbox 1272 4424 1339 4477; x_wconf 87' lang='lat' dir='ltr'><strong><em>sit</em></strong></span> <span class='ocrx_word' id='word_1_362' title='bbox 1368 4436 1417 4479; x_wconf 88' lang='lat' dir='ltr'><strong><em>et</em></strong></span> <span class='ocrx_word' id='word_1_363' title='bbox 1446 4424 1706 4480; x_wconf 88' lang='lat' dir='ltr'><strong><em>lucratus.</em></strong></span> <span class='ocrx_word' id='word_1_364' title='bbox 1728 4424 1858 4482; x_wconf 87' lang='lat' dir='ltr'><strong><em>Mss.</em></strong></span> <span class='ocrx_word' id='word_1_365' title='bbox 1890 4428 2103 4499; x_wconf 82' lang='lat' dir='ltr'><strong><em>quidem</em></strong></span> 
     </span>
    </p>
   </div>
   <div class='ocr_carea' id='block_1_59' title="bbox 528 4489 1299 4551">
    <p class='ocr_par' dir='ltr' id='par_1_59' title="bbox 528 4489 1299 4551">
     <span class='ocr_line' id='line_1_62' title="bbox 528 4489 1299 4551; baseline 0.01 -12"><span class='ocrx_word' id='word_1_366' title='bbox 528 4496 578 4539; x_wconf 87' lang='lat' dir='ltr'><strong><em>et</em></strong></span> <span class='ocrx_word' id='word_1_367' title='bbox 604 4498 847 4551; x_wconf 86' lang='lat' dir='ltr'><strong><em>operatus</em></strong></span> <span class='ocrx_word' id='word_1_368' title='bbox 878 4489 947 4540; x_wconf 88' lang='lat' dir='ltr'><strong><em>sit</em></strong></span> <span class='ocrx_word' id='word_1_369' title='bbox 981 4499 1032 4543; x_wconf 87' lang='lat' dir='ltr'><strong><em>et</em></strong></span> <span class='ocrx_word' id='word_1_370' title='bbox 1061 4491 1299 4547; x_wconf 88' lang='lat' dir='ltr'><strong><em>lucratus</em></strong></span> 
     </span>
    </p>
   </div>
   <div class='ocr_carea' id='block_1_60' title="bbox 559 4553 2101 4640">
    <p class='ocr_par' dir='ltr' id='par_1_60' title="bbox 559 4553 2101 4640">
     <span class='ocr_line' id='line_1_63' title="bbox 559 4553 2101 4640; baseline 0.014 -36"><span class='ocrx_word' id='word_1_371' title='bbox 559 4624 571 4636; x_wconf 42' lang='lat'><em>.</em></span> <span class='ocrx_word' id='word_1_372' title='bbox 594 4553 727 4609; x_wconf 71' lang='lat' dir='ltr'><strong><em>Itid.</em></strong></span> <span class='ocrx_word' id='word_1_373' title='bbox 754 4558 827 4640; x_wconf 33' lang='lat' dir='ltr'><strong><em>‘t&#39;n</em></strong></span> <span class='ocrx_word' id='word_1_374' title='bbox 864 4559 978 4628; x_wconf 84' lang='lat' dir='ltr'><strong><em>ipsa</em></strong></span> <span class='ocrx_word' id='word_1_375' title='bbox 1010 4560 1341 4631; x_wconf 88' lang='lat' dir='ltr'><strong><em>defensione,</em></strong></span> <span class='ocrx_word' id='word_1_376' title='bbox 1374 4573 1479 4619; x_wconf 90' lang='lat' dir='ltr'><strong><em>ctc.</em></strong></span> <span class='ocrx_word' id='word_1_377' title='bbox 1513 4563 1643 4622; x_wconf 89' lang='lat' dir='ltr'><strong><em>Mss.</em></strong></span> <span class='ocrx_word' id='word_1_378' title='bbox 1685 4568 1738 4622; x_wconf 91' lang='lat' dir='ltr'><strong><em>in</em></strong></span> <span class='ocrx_word' id='word_1_379' title='bbox 1774 4568 1889 4638; x_wconf 86' lang='lat' dir='ltr'><strong><em>ipsa</em></strong></span> <span class='ocrx_word' id='word_1_380' title='bbox 1925 4569 2101 4640; x_wconf 88' lang='lat' dir='ltr'><strong><em>defos-</em></strong></span> 
     </span>
    </p>
   </div>
   <div class='ocr_carea' id='block_1_61' title="bbox 521 4635 823 4689">
    <p class='ocr_par' dir='ltr' id='par_1_61' title="bbox 521 4635 823 4689">
     <span class='ocr_line' id='line_1_64' title="bbox 521 4635 823 4689; baseline 0.017 -13"><span class='ocrx_word' id='word_1_381' title='bbox 521 4639 684 4689; x_wconf 82' lang='lat' dir='ltr'><strong><em>stone,</em></strong></span> <span class='ocrx_word' id='word_1_382' title='bbox 718 4635 823 4681; x_wconf 86' lang='lat' dir='ltr'><strong><em>etc.</em></strong></span> 
     </span>
    </p>
   </div>
   <div class='ocr_carea' id='block_1_62' title="bbox 590 4695 2099 4778">
    <p class='ocr_par' dir='ltr' id='par_1_62' title="bbox 590 4695 2099 4778">
     <span class='ocr_line' id='line_1_65' title="bbox 590 4695 2099 4778; baseline 0.012 -31"><span class='ocrx_word' id='word_1_383' title='bbox 590 4695 724 4778; x_wconf 79' lang='lat' dir='ltr'><strong><em>Ibid.</em></strong></span> <span class='ocrx_word' id='word_1_384' title='bbox 752 4707 802 4778; x_wconf 83' lang='lat' dir='ltr'><strong><em>et</em></strong></span> <span class='ocrx_word' id='word_1_385' title='bbox 827 4700 1013 4778; x_wconf 75' lang='lat' dir='ltr'><strong><em>crediti</em></strong></span> <span class='ocrx_word' id='word_1_386' title='bbox 1040 4713 1184 4758; x_wconf 87' lang='lat' dir='ltr'><strong><em>sunt.</em></strong></span> <span class='ocrx_word' id='word_1_387' title='bbox 1213 4702 1304 4759; x_wconf 79' lang='lat' dir='ltr'><strong><em>Sic</em></strong></span> <span class='ocrx_word' id='word_1_388' title='bbox 1334 4713 1387 4759; x_wconf 87' lang='lat' dir='ltr'><strong><em>ct</em></strong></span> <span class='ocrx_word' id='word_1_389' title='bbox 1411 4720 1545 4761; x_wconf 84' lang='lat' dir='ltr'><strong><em>mss.</em></strong></span> <span class='ocrx_word' id='word_1_390' title='bbox 1571 4703 1675 4761; x_wconf 81' lang='lat' dir='ltr'><strong><em>Sed</em></strong></span> <span class='ocrx_word' id='word_1_391' title='bbox 1707 4706 1992 4778; x_wconf 82' lang='lat' dir='ltr'><strong><em>legendum</em></strong></span> <span class='ocrx_word' id='word_1_392' title='bbox 2019 4710 2099 4764; x_wconf 83' lang='lat' dir='ltr'><strong><em>vi-</em></strong></span> 
     </span>
    </p>
   </div>
   <div class='ocr_carea' id='block_1_63' title="bbox 517 4763 1187 4828">
    <p class='ocr_par' dir='ltr' id='par_1_63' title="bbox 517 4763 1187 4828">
     <span class='ocr_line' id='line_1_66' title="bbox 517 4763 1187 4828; baseline 0.012 -9"><span class='ocrx_word' id='word_1_393' title='bbox 517 4763 697 4827; x_wconf 83' lang='lat' dir='ltr'><strong><em>detur,</em></strong></span> <span class='ocrx_word' id='word_1_394' title='bbox 732 4775 777 4819; x_wconf 88' lang='lat' dir='ltr'><strong><em>et</em></strong></span> <span class='ocrx_word' id='word_1_395' title='bbox 806 4769 1009 4823; x_wconf 78' lang='lat' dir='ltr'><strong><em>cndita</em></strong></span> <span class='ocrx_word' id='word_1_396' title='bbox 1041 4783 1187 4828; x_wconf 87' lang='lat' dir='ltr'><strong><em>sunt.</em></strong></span> 
     </span>
    </p>
   </div>
   <div class='ocr_carea' id='block_1_64' title="bbox 579 4836 2092 4919">
    <p class='ocr_par' dir='ltr' id='par_1_64' title="bbox 579 4836 2092 4919">
     <span class='ocr_line' id='line_1_67' title="bbox 579 4836 2092 4919; baseline 0.013 -34"><span class='ocrx_word' id='word_1_397' title='bbox 579 4836 723 4913; x_wconf 73' lang='lat' dir='ltr'><strong><em>Ibid.</em></strong></span> <span class='ocrx_word' id='word_1_398' title='bbox 748 4843 893 4919; x_wconf 75' lang='lat' dir='ltr'><strong><em>quod</em></strong></span> <span class='ocrx_word' id='word_1_399' title='bbox 923 4843 1153 4919; x_wconf 80' lang='lat' dir='ltr'><strong><em>creditus</em></strong></span> <span class='ocrx_word' id='word_1_400' title='bbox 1185 4849 1292 4919; x_wconf 79' lang='lat' dir='ltr'><strong><em>es&#39;t_._</em></strong></span> <span class='ocrx_word' id='word_1_401' title='bbox 1316 4842 1389 4900; x_wconf 78' lang='lat' dir='ltr'><strong><em>Ita</em></strong></span> <span class='ocrx_word' id='word_1_402' title='bbox 1422 4853 1475 4900; x_wconf 91' lang='lat' dir='ltr'><strong><em>et</em></strong></span> <span class='ocrx_word' id='word_1_403' title='bbox 1503 4860 1634 4901; x_wconf 83' lang='lat' dir='ltr'><strong><em>mss.</em></strong></span> <span class='ocrx_word' id='word_1_404' title='bbox 1668 4845 1771 4903; x_wconf 89' lang='lat' dir='ltr'><strong><em>Sed</em></strong></span> <span class='ocrx_word' id='word_1_405' title='bbox 1805 4848 2092 4919; x_wconf 78' lang='lat' dir='ltr'><strong><em>legendum</em></strong></span> 
     </span>
    </p>
   </div>
   <div class='ocr_carea' id='block_1_65' title="bbox 520 4908 1534 4979">
    <p class='ocr_par' dir='ltr' id='par_1_65' title="bbox 520 4908 1534 4979">
     <span class='ocr_line' id='line_1_68' title="bbox 520 4908 1534 4979; baseline 0.016 -25"><span class='ocrx_word' id='word_1_406' title='bbox 520 4908 945 4979; x_wconf 63' lang='lat' dir='ltr'><strong><em>etiuui_\idctur,</em></strong></span> <span class='ocrx_word' id='word_1_407' title='bbox 980 4913 1121 4979; x_wconf 87' lang='lat' dir='ltr'><strong><em>quod</em></strong></span> <span class='ocrx_word' id='word_1_408' title='bbox 1150 4915 1406 4967; x_wconf 80' lang='lat' dir='ltr'><strong><em>creditum</em></strong></span> <span class='ocrx_word' id='word_1_409' title='bbox 1436 4926 1534 4970; x_wconf 88' lang='lat' dir='ltr'><strong><em>est.</em></strong></span> 
     </span>
    </p>
   </div>
   <div class='ocr_carea' id='block_1_66' title="bbox 591 4974 1939 5059">
    <p class='ocr_par' dir='ltr' id='par_1_66' title="bbox 591 4974 1939 5059">
     <span class='ocr_line' id='line_1_69' title="bbox 591 4974 1939 5059; baseline 0.011 -33"><span class='ocrx_word' id='word_1_410' title='bbox 751 4992 962 5059; x_wconf 65' lang='lat' dir='ltr'><strong><em>peregre</em></strong></span> <span class='ocrx_word' id='word_1_411' title='bbox 987 4974 1433 5059; x_wconf 77' lang='lat' dir='ltr'><strong><em>profectu_s._Mss.</em></strong></span> <span class='ocrx_word' id='word_1_412' title='bbox 1465 5003 1677 5059; x_wconf 84' lang='lat' dir='ltr'><strong><em>peregre</em></strong></span> <span class='ocrx_word' id='word_1_413' title='bbox 1705 4987 1939 5056; x_wconf 89' lang='lat' dir='ltr'><strong><em>futurus.</em></strong></span> 
     </span>
    </p>
   </div>
   <div class='ocr_carea' id='block_1_67' title="bbox 587 5043 2080 5122">
    <p class='ocr_par' dir='ltr' id='par_1_67' title="bbox 587 5043 2080 5122">
     <span class='ocr_line' id='line_1_70' title="bbox 587 5043 2080 5122; baseline 0.013 -26"><span class='ocrx_word' id='word_1_414' title='bbox 587 5043 721 5122; x_wconf 81' lang='lat' dir='ltr'><strong><em>Ibid.</em></strong></span> <span class='ocrx_word' id='word_1_415' title='bbox 752 5043 1000 5116; x_wconf 75' lang='lat' dir='ltr'><strong><em>quoniam</em></strong></span> <span class='ocrx_word' id='word_1_416' title='bbox 1028 5043 1131 5122; x_wconf 70' lang='lat' dir='ltr'><strong><em>non</em></strong></span> <span class='ocrx_word' id='word_1_417' title='bbox 1161 5054 1230 5107; x_wconf 88' lang='lat' dir='ltr'><strong><em>ad</em></strong></span> <span class='ocrx_word' id='word_1_418' title='bbox 1261 5043 1543 5109; x_wconf 75' lang='lat' dir='ltr'><strong><em>Dominum</em></strong></span> <span class='ocrx_word' id='word_1_419' title='bbox 1580 5043 1917 5122; x_wconf 57' lang='lat' dir='ltr'><strong><em>Eadtt&#39;nt,etc.</em></strong></span> <span class='ocrx_word' id='word_1_420' title='bbox 1947 5057 2080 5115; x_wconf 90' lang='lat' dir='ltr'><strong><em>Mss.</em></strong></span> 
     </span>
    </p>
   </div>
   <div class='ocr_carea' id='block_1_68' title="bbox 514 5117 1840 5188">
    <p class='ocr_par' dir='ltr' id='par_1_68' title="bbox 514 5117 1840 5188">
     <span class='ocr_line' id='line_1_71' title="bbox 514 5117 1840 5188; baseline 0.009 -18"><span class='ocrx_word' id='word_1_421' title='bbox 514 5117 765 5188; x_wconf 71' lang='lat' dir='ltr'><strong><em>quoniam</em></strong></span> <span class='ocrx_word' id='word_1_422' title='bbox 794 5133 896 5171; x_wconf 88' lang='lat' dir='ltr'><strong><em>non</em></strong></span> <span class='ocrx_word' id='word_1_423' title='bbox 922 5121 1059 5174; x_wconf 81' lang='lat' dir='ltr'><strong><em>servi</em></strong></span> <span class='ocrx_word' id='word_1_424' title='bbox 1083 5123 1151 5175; x_wconf 90' lang='lat' dir='ltr'><strong><em>ad</em></strong></span> <span class='ocrx_word' id='word_1_425' title='bbox 1182 5122 1465 5179; x_wconf 85' lang='lat' dir='ltr'><strong><em>Dominum</em></strong></span> <span class='ocrx_word' id='word_1_426' title='bbox 1488 5127 1705 5188; x_wconf 82' lang='lat' dir='ltr'><strong><em>vadunt,</em></strong></span> <span class='ocrx_word' id='word_1_427' title='bbox 1734 5117 1840 5182; x_wconf 78' lang='lat' dir='ltr'><strong><em>etc.</em></strong></span> 
     </span>
    </p>
   </div>
   <div class='ocr_carea' id='block_1_69' title="bbox 586 5183 2089 5262">
    <p class='ocr_par' dir='ltr' id='par_1_69' title="bbox 586 5183 2089 5262">
     <span class='ocr_line' id='line_1_72' title="bbox 586 5183 2089 5262; baseline 0.011 -26"><span class='ocrx_word' id='word_1_428' title='bbox 586 5183 885 5262; x_wconf 26' lang='lat' dir='ltr'><strong><em>Ibidubona</em></strong></span> <span class='ocrx_word' id='word_1_429' title='bbox 915 5199 1092 5244; x_wconf 82' lang='lat' dir='ltr'><strong><em>autent</em></strong></span> <span class='ocrx_word' id='word_1_430' title='bbox 1125 5206 1431 5262; x_wconf 86' lang='lat' dir='ltr'><strong><em>operantes,</em></strong></span> <span class='ocrx_word' id='word_1_431' title='bbox 1462 5204 1567 5252; x_wconf 90' lang='lat' dir='ltr'><strong><em>ctc.</em></strong></span> <span class='ocrx_word' id='word_1_432' title='bbox 1595 5183 1725 5251; x_wconf 80' lang='lat' dir='ltr'><strong><em>Mss.</em></strong></span> <span class='ocrx_word' id='word_1_433' title='bbox 1750 5198 1884 5250; x_wconf 91' lang='lat' dir='ltr'><strong><em>bona</em></strong></span> <span class='ocrx_word' id='word_1_434' title='bbox 1912 5208 2089 5252; x_wconf 82' lang='lat' dir='ltr'><strong><em>autent</em></strong></span> 
     </span>
    </p>
   </div>
   <div class='ocr_carea' id='block_1_70' title="bbox 513 5256 1562 5323">
    <p class='ocr_par' dir='ltr' id='par_1_70' title="bbox 513 5256 1562 5323">
     <span class='ocr_line' id='line_1_73' title="bbox 513 5256 1562 5323; baseline 0.009 -18"><span class='ocrx_word' id='word_1_435' title='bbox 513 5256 797 5323; x_wconf 80' lang='lat' dir='ltr'><strong><em>operando,</em></strong></span> <span class='ocrx_word' id='word_1_436' title='bbox 826 5266 933 5314; x_wconf 86' lang='lat' dir='ltr'><strong><em>etc.</em></strong></span> <span class='ocrx_word' id='word_1_437' title='bbox 1155 5256 1167 5262; x_wconf 73' lang='grc'><em>’</em></span> <span class='ocrx_word' id='word_1_438' title='bbox 1402 5256 1427 5285; x_wconf 44' lang='grc'><em>⁷</em></span> <span class='ocrx_word' id='word_1_439' title='bbox 1555 5272 1562 5278; x_wconf 90' lang='grc'><em>’</em></span> 
     </span>
    </p>
   </div>
   <div class='ocr_carea' id='block_1_71' title="bbox 584 5324 2086 5409">
    <p class='ocr_par' dir='ltr' id='par_1_71' title="bbox 584 5324 2086 5409">
     <span class='ocr_line' id='line_1_74' title="bbox 584 5324 2086 5409; baseline 0.008 -30"><span class='ocrx_word' id='word_1_440' title='bbox 584 5324 714 5405; x_wconf 70' lang='lat' dir='ltr'><strong><em>I’ug.</em></strong></span> <span class='ocrx_word' id='word_1_441' title='bbox 744 5326 869 5382; x_wconf 84' lang='lat'><strong>885.</strong></span> <span class='ocrx_word' id='word_1_442' title='bbox 905 5330 983 5409; x_wconf 59' lang='lat' dir='ltr'><strong><em>ad</em></strong></span> <span class='ocrx_word' id='word_1_443' title='bbox 1009 5330 1282 5409; x_wconf 68' lang='lat' dir='ltr'><strong><em>justitiam</em></strong></span> <span class='ocrx_word' id='word_1_444' title='bbox 1309 5371 1324 5394; x_wconf 91' lang='lat'><strong><em>,</em></strong></span> <span class='ocrx_word' id='word_1_445' title='bbox 1359 5334 1594 5409; x_wconf 33' lang='grc' dir='ltr'><strong><em>,δίεπε-ι’(</em></strong></span> <span class='ocrx_word' id='word_1_446' title='bbox 1627 5338 1674 5391; x_wconf 87' lang='lat' dir='ltr'><strong><em>ei</em></strong></span> <span class='ocrx_word' id='word_1_447' title='bbox 1700 5338 1791 5409; x_wconf 89' lang='lat' dir='ltr'><strong><em>qui</em></strong></span> <span class='ocrx_word' id='word_1_448' title='bbox 1821 5340 2024 5409; x_wconf 76' lang='lat' dir='ltr'><strong><em>audivit</em></strong></span> <span class='ocrx_word' id='word_1_449' title='bbox 2052 5355 2086 5391; x_wconf 76' lang='grc' dir='ltr'><em>τι</em></span> 
     </span>
    </p>
   </div>
   <div class='ocr_carea' id='block_1_72' title="bbox 511 5396 2083 5476">
    <p class='ocr_par' dir='ltr' id='par_1_72' title="bbox 511 5396 2083 5476">
     <span class='ocr_line' id='line_1_75' title="bbox 511 5396 2083 5476; baseline 0.01 -29"><span class='ocrx_word' id='word_1_450' title='bbox 511 5396 726 5476; x_wconf 78' lang='lat' dir='ltr'><strong><em>domin</em></strong></span> <span class='ocrx_word' id='word_1_451' title='bbox 775 5414 913 5476; x_wconf 62' lang='lat' dir='ltr'><strong><em>suo:</em></strong></span> <span class='ocrx_word' id='word_1_452' title='bbox 943 5396 1098 5476; x_wconf 73' lang='lat' dir='ltr'><strong><em>Serre</em></strong></span> <span class='ocrx_word' id='word_1_453' title='bbox 1122 5403 1321 5476; x_wconf 71' lang='lat' dir='ltr'><strong><em>fidelis.</em></strong></span> <span class='ocrx_word' id='word_1_454' title='bbox 1350 5403 1474 5476; x_wconf 79' lang='lat' dir='ltr'><strong><em>Sine</em></strong></span> <span class='ocrx_word' id='word_1_455' title='bbox 1497 5406 1682 5467; x_wconf 84' lang='lat' dir='ltr'><strong><em>dubio,</em></strong></span> <span class='ocrx_word' id='word_1_456' title='bbox 1710 5396 1814 5462; x_wconf 70' lang='lat' dir='ltr'><strong><em>etc.</em></strong></span> <span class='ocrx_word' id='word_1_457' title='bbox 1848 5407 1976 5463; x_wconf 68' lang='lat' dir='ltr'><strong><em>Mss.</em></strong></span> <span class='ocrx_word' id='word_1_458' title='bbox 2014 5410 2083 5462; x_wconf 81' lang='lat' dir='ltr'><strong><em>ad</em></strong></span> 
     </span>
    </p>
   </div>
   <div class='ocr_carea' id='block_1_73' title="bbox 511 5467 2083 5541">
    <p class='ocr_par' dir='ltr' id='par_1_73' title="bbox 511 5467 2083 5541">
     <span class='ocr_line' id='line_1_76' title="bbox 511 5467 2083 5541; baseline 0.011 -26"><span class='ocrx_word' id='word_1_459' title='bbox 511 5467 798 5541; x_wconf 73' lang='lat' dir='ltr'><strong><em>iustitiam.</em></strong></span> <span class='ocrx_word' id='word_1_460' title='bbox 823 5467 913 5541; x_wconf 86' lang='lat' dir='ltr'><strong><em>Sic</em></strong></span> <span class='ocrx_word' id='word_1_461' title='bbox 944 5472 1069 5541; x_wconf 82' lang='lat' dir='ltr'><strong><em>etei</em></strong></span> <span class='ocrx_word' id='word_1_462' title='bbox 1093 5467 1184 5540; x_wconf 79' lang='lat' dir='ltr'><strong><em>qui</em></strong></span> <span class='ocrx_word' id='word_1_463' title='bbox 1217 5474 1419 5527; x_wconf 85' lang='lat' dir='ltr'><strong><em>audivit</em></strong></span> <span class='ocrx_word' id='word_1_464' title='bbox 1449 5491 1482 5527; x_wconf 92' lang='lat' dir='ltr'><strong><em>a</em></strong></span> <span class='ocrx_word' id='word_1_465' title='bbox 1511 5476 1727 5531; x_wconf 86' lang='lat' dir='ltr'><strong><em>domino</em></strong></span> <span class='ocrx_word' id='word_1_466' title='bbox 1757 5495 1851 5532; x_wconf 87' lang='lat' dir='ltr'><strong><em>suo</em></strong></span> <span class='ocrx_word' id='word_1_467' title='bbox 1876 5495 1893 5532; x_wconf 89' lang='lat'><strong><em>:</em></strong></span> <span class='ocrx_word' id='word_1_468' title='bbox 1928 5478 2083 5533; x_wconf 70' lang='lat' dir='ltr'><strong><em>Serve</em></strong></span> 
     </span>
    </p>
   </div>
   <div class='ocr_carea' id='block_1_74' title="bbox 511 5535 1201 5605">
    <p class='ocr_par' dir='ltr' id='par_1_74' title="bbox 511 5535 1201 5605">
     <span class='ocr_line' id='line_1_77' title="bbox 511 5535 1201 5605; baseline 0.012 -18"><span class='ocrx_word' id='word_1_469' title='bbox 511 5535 710 5603; x_wconf 51' lang='lat' dir='ltr'><strong><em>liatlis,</em></strong></span> <span class='ocrx_word' id='word_1_470' title='bbox 743 5539 858 5592; x_wconf 83' lang='lat' dir='ltr'><strong><em>sine</em></strong></span> <span class='ocrx_word' id='word_1_471' title='bbox 881 5540 1064 5605; x_wconf 81' lang='lat' dir='ltr'><strong><em>dubio,</em></strong></span> <span class='ocrx_word' id='word_1_472' title='bbox 1096 5535 1201 5596; x_wconf 64' lang='lat' dir='ltr'><strong><em>(te.</em></strong></span> 
     </span>
    </p>
   </div>
   <div class='ocr_carea' id='block_1_75' title="bbox 580 5606 2080 5675">
    <p class='ocr_par' dir='ltr' id='par_1_75' title="bbox 580 5606 2080 5675">
     <span class='ocr_line' id='line_1_78' title="bbox 580 5606 2080 5675; baseline 0.012 -18"><span class='ocrx_word' id='word_1_473' title='bbox 580 5606 713 5661; x_wconf 82' lang='lat' dir='ltr'><strong><em>Ibid.</em></strong></span> <span class='ocrx_word' id='word_1_474' title='bbox 744 5616 793 5661; x_wconf 85' lang='lat' dir='ltr'><strong><em>et</em></strong></span> <span class='ocrx_word' id='word_1_475' title='bbox 829 5623 894 5661; x_wconf 70' lang='lat' dir='ltr'><strong><em>ex</em></strong></span> <span class='ocrx_word' id='word_1_476' title='bbox 918 5620 1029 5662; x_wconf 92' lang='lat' dir='ltr'><strong><em>tota</em></strong></span> <span class='ocrx_word' id='word_1_477' title='bbox 1056 5620 1226 5666; x_wconf 87' lang='lat' dir='ltr'><strong><em>mente</em></strong></span> <span class='ocrx_word' id='word_1_478' title='bbox 1256 5621 1369 5669; x_wconf 90' lang='lat' dir='ltr'><strong><em>tua.</em></strong></span> <span class='ocrx_word' id='word_1_479' title='bbox 1409 5613 1539 5671; x_wconf 87' lang='lat' dir='ltr'><strong><em>Mss.</em></strong></span> <span class='ocrx_word' id='word_1_480' title='bbox 1576 5627 1624 5669; x_wconf 86' lang='lat' dir='ltr'><strong><em>et</em></strong></span> <span class='ocrx_word' id='word_1_481' title='bbox 1658 5634 1722 5671; x_wconf 69' lang='lat' dir='ltr'><strong><em>ea:</em></strong></span> <span class='ocrx_word' id='word_1_482' title='bbox 1747 5630 1859 5674; x_wconf 89' lang='lat' dir='ltr'><strong><em>tota</em></strong></span> <span class='ocrx_word' id='word_1_483' title='bbox 1889 5623 2080 5675; x_wconf 75' lang='lat' dir='ltr'><strong><em>virtute</em></strong></span> 
     </span>
    </p>
   </div>
   <div class='ocr_carea' id='block_1_76' title="bbox 509 5683 624 5726">
    <p class='ocr_par' dir='ltr' id='par_1_76' title="bbox 509 5683 624 5726">
     <span class='ocr_line' id='line_1_79' title="bbox 509 5683 624 5726; baseline 0.009 -1"><span class='ocrx_word' id='word_1_484' title='bbox 509 5683 624 5726; x_wconf 87' lang='lat' dir='ltr'><strong><em>tua.</em></strong></span> 
     </span>
    </p>
   </div>
   <div class='ocr_carea' id='block_1_77' title="bbox 578 5744 2075 5821">
    <p class='ocr_par' dir='ltr' id='par_1_77' title="bbox 578 5744 2075 5821">
     <span class='ocr_line' id='line_1_80' title="bbox 578 5744 2075 5821; baseline 0.016 -27"><span class='ocrx_word' id='word_1_485' title='bbox 578 5744 713 5798; x_wconf 88' lang='lat' dir='ltr'><strong><em>Ibid.</em></strong></span> <span class='ocrx_word' id='word_1_486' title='bbox 738 5757 787 5800; x_wconf 91' lang='lat' dir='ltr'><strong><em>et</em></strong></span> <span class='ocrx_word' id='word_1_487' title='bbox 818 5746 917 5802; x_wconf 86' lang='lat' dir='ltr'><strong><em>alii</em></strong></span> <span class='ocrx_word' id='word_1_488' title='bbox 943 5764 1113 5803; x_wconf 88' lang='lat' dir='ltr'><strong><em>mores</em></strong></span> <span class='ocrx_word' id='word_1_489' title='bbox 1134 5766 1338 5821; x_wconf 84' lang='lat' dir='ltr'><strong><em>eorum,</em></strong></span> <span class='ocrx_word' id='word_1_490' title='bbox 1360 5761 1467 5811; x_wconf 85' lang='lat' dir='ltr'><strong><em>etc.</em></strong></span> <span class='ocrx_word' id='word_1_491' title='bbox 1497 5753 1627 5812; x_wconf 85' lang='lat' dir='ltr'><strong><em>Mss.</em></strong></span> <span class='ocrx_word' id='word_1_492' title='bbox 1650 5768 1699 5814; x_wconf 85' lang='lat' dir='ltr'><strong><em>et</em></strong></span> <span class='ocrx_word' id='word_1_493' title='bbox 1728 5761 1823 5815; x_wconf 84' lang='lat' dir='ltr'><strong><em>alii</em></strong></span> <span class='ocrx_word' id='word_1_494' title='bbox 1848 5762 2075 5818; x_wconf 84' lang='lat' dir='ltr'><strong><em>minores</em></strong></span> 
     </span>
    </p>
   </div>
   <div class='ocr_carea' id='block_1_78' title="bbox 505 5825 839 5874">
    <p class='ocr_par' dir='ltr' id='par_1_78' title="bbox 505 5825 839 5874">
     <span class='ocr_line' id='line_1_81' title="bbox 505 5825 839 5874; baseline 0.021 -10"><span class='ocrx_word' id='word_1_495' title='bbox 505 5828 706 5874; x_wconf 79' lang='lat' dir='ltr'><strong><em>eorum.</em></strong></span> <span class='ocrx_word' id='word_1_496' title='bbox 734 5825 839 5870; x_wconf 86' lang='lat' dir='ltr'><strong><em>ctc.</em></strong></span> 
     </span>
    </p>
   </div>
   <div class='ocr_carea' id='block_1_79' title="bbox 1828 372 2484 434">
    <p class='ocr_par' dir='ltr' id='par_1_79' title="bbox 1828 372 2484 434">
     <span class='ocr_line' id='line_1_82' title="bbox 1828 372 2484 434; baseline -0.006 0"><span class='ocrx_word' id='word_1_497' title='bbox 1828 378 2057 434; x_wconf 72' lang='lat' dir='ltr'><strong><em>V..RI.-Ii</em></strong></span> <span class='ocrx_word' id='word_1_498' title='bbox 2096 372 2484 433; x_wconf 64' lang='lat' dir='ltr'><strong><em>LI&#39;LC&#39;I&#39;IONES</em></strong></span> 
     </span>
    </p>
   </div>
   <div class='ocr_carea' id='block_1_80' title="bbox 3712 370 3891 425">
    <p class='ocr_par' dir='ltr' id='par_1_80' title="bbox 3712 370 3891 425">
     <span class='ocr_line' id='line_1_83' title="bbox 3712 370 3891 425; baseline 0.011 -2"><span class='ocrx_word' id='word_1_499' title='bbox 3712 370 3891 425; x_wconf 60' lang='lat'><strong><em>“‘35</em></strong></span> 
     </span>
    </p>
   </div>
   <div class='ocr_carea' id='block_1_81' title="bbox 2301 494 3881 569">
    <p class='ocr_par' dir='ltr' id='par_1_81' title="bbox 2301 494 3881 569">
     <span class='ocr_line' id='line_1_84' title="bbox 2301 494 3881 569; baseline -0.005 -15"><span class='ocrx_word' id='word_1_500' title='bbox 2301 499 2436 554; x_wconf 91' lang='lat' dir='ltr'><strong><em>Ibid.</em></strong></span> <span class='ocrx_word' id='word_1_501' title='bbox 2465 510 2511 553; x_wconf 85' lang='lat' dir='ltr'><strong><em>et</em></strong></span> <span class='ocrx_word' id='word_1_502' title='bbox 2544 497 2706 569; x_wconf 75' lang='lat' dir='ltr'><strong><em>quasi</em></strong></span> <span class='ocrx_word' id='word_1_503' title='bbox 2719 494 2807 567; x_wconf 84' lang='lat' dir='ltr'><strong><em>qui</em></strong></span> <span class='ocrx_word' id='word_1_504' title='bbox 2832 494 3049 561; x_wconf 75' lang='lat' dir='ltr'><strong><em>sciebat,</em></strong></span> <span class='ocrx_word' id='word_1_505' title='bbox 3070 509 3179 551; x_wconf 64' lang='lat' dir='ltr'><strong><em>etc.</em></strong></span> <span class='ocrx_word' id='word_1_506' title='bbox 3206 494 3336 550; x_wconf 87' lang='lat' dir='ltr'><strong><em>Mss.</em></strong></span> <span class='ocrx_word' id='word_1_507' title='bbox 3374 504 3422 548; x_wconf 88' lang='lat' dir='ltr'><strong><em>et</em></strong></span> <span class='ocrx_word' id='word_1_508' title='bbox 3447 496 3576 564; x_wconf 77' lang='lat' dir='ltr'><strong><em>quia</em></strong></span> <span class='ocrx_word' id='word_1_509' title='bbox 3604 495 3881 556; x_wconf 66' lang='lat' dir='ltr'><strong><em>sciebat,</em></strong></span> 
     </span>
    </p>
   </div>
   <div class='ocr_carea' id='block_1_82' title="bbox 2232 578 2337 624">
    <p class='ocr_par' dir='ltr' id='par_1_82' title="bbox 2232 578 2337 624">
     <span class='ocr_line' id='line_1_85' title="bbox 2232 578 2337 624; baseline 0.01 -1"><span class='ocrx_word' id='word_1_510' title='bbox 2232 578 2337 624; x_wconf 84' lang='lat' dir='ltr'><strong><em>etc.</em></strong></span> 
     </span>
    </p>
   </div>
   <div class='ocr_carea' id='block_1_83' title="bbox 2304 634 3869 700">
    <p class='ocr_par' dir='ltr' id='par_1_83' title="bbox 2304 634 3869 700">
     <span class='ocr_line' id='line_1_86' title="bbox 2304 634 3869 700; baseline -0.004 -9"><span class='ocrx_word' id='word_1_511' title='bbox 2304 637 2438 692; x_wconf 90' lang='lat' dir='ltr'><strong><em>Ibid.</em></strong></span> <span class='ocrx_word' id='word_1_512' title='bbox 2467 649 2516 691; x_wconf 91' lang='lat' dir='ltr'><strong><em>et</em></strong></span> <span class='ocrx_word' id='word_1_513' title='bbox 2546 648 2814 696; x_wconf 86' lang='lat' dir='ltr'><strong><em>metuntur</em></strong></span> <span class='ocrx_word' id='word_1_514' title='bbox 2839 640 2915 694; x_wconf 86' lang='lat' dir='ltr'><strong><em>ad</em></strong></span> <span class='ocrx_word' id='word_1_515' title='bbox 2939 642 3095 693; x_wconf 75' lang='lat' dir='ltr'><strong><em>vitam</em></strong></span> <span class='ocrx_word' id='word_1_516' title='bbox 3129 648 3406 700; x_wconf 83' lang='lat' dir='ltr'><strong><em>trternam,</em></strong></span> <span class='ocrx_word' id='word_1_517' title='bbox 3452 635 3608 688; x_wconf 87' lang='lat' dir='ltr'><strong><em>metit</em></strong></span> <span class='ocrx_word' id='word_1_518' title='bbox 3647 634 3828 688; x_wconf 70' lang='lat' dir='ltr'><strong><em>Deus</em></strong></span> <span class='ocrx_word' id='word_1_519' title='bbox 3850 678 3869 699; x_wconf 79' lang='grc'><em>,</em></span> 
     </span>
    </p>
   </div>
   <div class='ocr_carea' id='block_1_84' title="bbox 2233 705 3870 778">
    <p class='ocr_par' dir='ltr' id='par_1_84' title="bbox 2233 705 3870 778">
     <span class='ocr_line' id='line_1_87' title="bbox 2233 705 3870 778; baseline -0.003 -15"><span class='ocrx_word' id='word_1_520' title='bbox 2233 708 2332 764; x_wconf 89' lang='lat' dir='ltr'><strong><em>Dei</em></strong></span> <span class='ocrx_word' id='word_1_521' title='bbox 2360 710 2497 762; x_wconf 87' lang='lat' dir='ltr'><strong><em>enim</em></strong></span> <span class='ocrx_word' id='word_1_522' title='bbox 2528 717 2605 762; x_wconf 87' lang='lat' dir='ltr'><strong><em>est</em></strong></span> <span class='ocrx_word' id='word_1_523' title='bbox 2630 713 2887 777; x_wconf 85' lang='lat' dir='ltr'><strong><em>possessio</em></strong></span> <span class='ocrx_word' id='word_1_524' title='bbox 2915 710 3119 778; x_wconf 85' lang='lat' dir='ltr'><strong><em>justus,</em></strong></span> <span class='ocrx_word' id='word_1_525' title='bbox 3148 715 3251 778; x_wconf 65' lang='lat' dir='ltr'><strong><em>etc.</em></strong></span> <span class='ocrx_word' id='word_1_526' title='bbox 3283 705 3413 760; x_wconf 87' lang='lat' dir='ltr'><strong><em>Mss.</em></strong></span> <span class='ocrx_word' id='word_1_527' title='bbox 3443 714 3493 758; x_wconf 86' lang='lat' dir='ltr'><strong><em>et</em></strong></span> <span class='ocrx_word' id='word_1_528' title='bbox 3524 716 3870 774; x_wconf 78' lang='lat' dir='ltr'><strong><em>metuntur,</em></strong></span> 
     </span>
    </p>
   </div>
   <div class='ocr_carea' id='block_1_85' title="bbox 2234 776 3871 844">
    <p class='ocr_par' dir='ltr' id='par_1_85' title="bbox 2234 776 3871 844">
     <span class='ocr_line' id='line_1_88' title="bbox 2234 776 3871 844; baseline -0.002 -10"><span class='ocrx_word' id='word_1_529' title='bbox 2234 781 2302 835; x_wconf 91' lang='lat' dir='ltr'><strong><em>ad</em></strong></span> <span class='ocrx_word' id='word_1_530' title='bbox 2335 779 2495 832; x_wconf 83' lang='lat' dir='ltr'><strong><em>vitam</em></strong></span> <span class='ocrx_word' id='word_1_531' title='bbox 2522 776 2773 833; x_wconf 75' lang='lat' dir='ltr'><strong><em>teternam</em></strong></span> <span class='ocrx_word' id='word_1_532' title='bbox 2818 776 2965 834; x_wconf 80' lang='lat' dir='ltr'><strong><em>metit</em></strong></span> <span class='ocrx_word' id='word_1_533' title='bbox 3000 777 3176 831; x_wconf 81' lang='lat' dir='ltr'><strong><em>Deus:</em></strong></span> <span class='ocrx_word' id='word_1_534' title='bbox 3219 776 3361 829; x_wconf 85' lang='lat' dir='ltr'><strong><em>Deus</em></strong></span> <span class='ocrx_word' id='word_1_535' title='bbox 3408 778 3553 828; x_wconf 79' lang='lat' dir='ltr'><strong><em>enim</em></strong></span> <span class='ocrx_word' id='word_1_536' title='bbox 3583 785 3670 829; x_wconf 86' lang='lat' dir='ltr'><strong><em>est</em></strong></span> <span class='ocrx_word' id='word_1_537' title='bbox 3714 794 3871 844; x_wconf 77' lang='lat' dir='ltr'><strong><em>pos-</em></strong></span> 
     </span>
    </p>
   </div>
   <div class='ocr_carea' id='block_1_86' title="bbox 2230 848 2709 918">
    <p class='ocr_par' dir='ltr' id='par_1_86' title="bbox 2230 848 2709 918">
     <span class='ocr_line' id='line_1_89' title="bbox 2230 848 2709 918; baseline 0 -15"><span class='ocrx_word' id='word_1_538' title='bbox 2230 851 2393 903; x_wconf 87' lang='lat' dir='ltr'><strong><em>sessio</em></strong></span> <span class='ocrx_word' id='word_1_539' title='bbox 2412 848 2572 918; x_wconf 88' lang='lat' dir='ltr'><strong><em>justi,</em></strong></span> <span class='ocrx_word' id='word_1_540' title='bbox 2603 859 2709 903; x_wconf 90' lang='lat' dir='ltr'><strong><em>etc.</em></strong></span> 
     </span>
    </p>
   </div>
   <div class='ocr_carea' id='block_1_87' title="bbox 2304 913 3866 989">
    <p class='ocr_par' dir='ltr' id='par_1_87' title="bbox 2304 913 3866 989">
     <span class='ocr_line' id='line_1_90' title="bbox 2304 913 3866 989; baseline 0 -18"><span class='ocrx_word' id='word_1_541' title='bbox 2304 913 2433 973; x_wconf 79' lang='lat' dir='ltr'><strong><em>Ibid.</em></strong></span> <span class='ocrx_word' id='word_1_542' title='bbox 2469 929 2517 971; x_wconf 90' lang='lat' dir='ltr'><strong><em>et</em></strong></span> <span class='ocrx_word' id='word_1_543' title='bbox 2546 913 2865 989; x_wconf 81' lang='lat' dir='ltr'><strong><em>congregans</em></strong></span> <span class='ocrx_word' id='word_1_544' title='bbox 2895 933 3015 988; x_wconf 66' lang='lat' dir='ltr'><strong><em>qui:</em></strong></span> <span class='ocrx_word' id='word_1_545' title='bbox 3042 932 3142 970; x_wconf 92' lang='lat' dir='ltr'><strong><em>non</em></strong></span> <span class='ocrx_word' id='word_1_546' title='bbox 3176 915 3395 985; x_wconf 88' lang='lat' dir='ltr'><strong><em>sparsit.</em></strong></span> <span class='ocrx_word' id='word_1_547' title='bbox 3433 913 3566 970; x_wconf 75' lang='lat' dir='ltr'><strong><em>Mss.</em></strong></span> <span class='ocrx_word' id='word_1_548' title='bbox 3609 925 3663 971; x_wconf 85' lang='lat' dir='ltr'><strong><em>et</em></strong></span> <span class='ocrx_word' id='word_1_549' title='bbox 3680 934 3866 972; x_wconf 63' lang='grc' dir='ltr'><strong><em>του-</em></strong></span> 
     </span>
    </p>
   </div>
   <div class='ocr_carea' id='block_1_88' title="bbox 2230 989 2958 1060">
    <p class='ocr_par' dir='ltr' id='par_1_88' title="bbox 2230 989 2958 1060">
     <span class='ocr_line' id='line_1_91' title="bbox 2230 989 2958 1060; baseline 0.003 -19"><span class='ocrx_word' id='word_1_550' title='bbox 2230 1005 2451 1060; x_wconf 86' lang='lat' dir='ltr'><strong><em>gregans</em></strong></span> <span class='ocrx_word' id='word_1_551' title='bbox 2476 989 2574 1060; x_wconf 72' lang='lat' dir='ltr'><strong><em>ubi</em></strong></span> <span class='ocrx_word' id='word_1_552' title='bbox 2604 1004 2708 1060; x_wconf 67' lang='lat' dir='ltr'><strong><em>non</em></strong></span> <span class='ocrx_word' id='word_1_553' title='bbox 2739 992 2958 1059; x_wconf 82' lang='lat' dir='ltr'><strong><em>sparsit.</em></strong></span> 
     </span>
    </p>
   </div>
   <div class='ocr_carea' id='block_1_89' title="bbox 2301 1055 3855 1125">
    <p class='ocr_par' dir='ltr' id='par_1_89' title="bbox 2301 1055 3855 1125">
     <span class='ocr_line' id='line_1_92' title="bbox 2301 1055 3855 1125; baseline 0 -12"><span class='ocrx_word' id='word_1_554' title='bbox 2301 1055 2429 1125; x_wconf 73' lang='lat' dir='ltr'><strong><em>Pag.</em></strong></span> <span class='ocrx_word' id='word_1_555' title='bbox 2468 1057 2591 1112; x_wconf 80' lang='lat'><strong>886.</strong></span> <span class='ocrx_word' id='word_1_556' title='bbox 2645 1055 2774 1112; x_wconf 46' lang='lat' dir='ltr'><strong><em>Nec&quot;</em></strong></span> <span class='ocrx_word' id='word_1_557' title='bbox 2801 1062 2937 1112; x_wconf 89' lang='lat' dir='ltr'><strong><em>enim</em></strong></span> <span class='ocrx_word' id='word_1_558' title='bbox 2981 1056 3146 1111; x_wconf 88' lang='lat' dir='ltr'><strong><em>bonus</em></strong></span> <span class='ocrx_word' id='word_1_559' title='bbox 3174 1055 3502 1124; x_wconf 67' lang='lat' dir='ltr'><strong><em>huiusmodi,</em></strong></span> <span class='ocrx_word' id='word_1_560' title='bbox 3531 1065 3642 1111; x_wconf 85' lang='lat' dir='ltr'><strong><em>etc.</em></strong></span> <span class='ocrx_word' id='word_1_561' title='bbox 3690 1057 3855 1113; x_wconf 71' lang='lat' dir='ltr'><strong><em>Mss.</em></strong></span> 
     </span>
    </p>
   </div>
   <div class='ocr_carea' id='block_1_90' title="bbox 2233 1126 3793 1196">
    <p class='ocr_par' dir='ltr' id='par_1_90' title="bbox 2233 1126 3793 1196">
     <span class='ocr_line' id='line_1_93' title="bbox 2233 1126 3793 1196; baseline -0.003 -15"><span class='ocrx_word' id='word_1_562' title='bbox 2233 1126 2345 1182; x_wconf 87' lang='lat' dir='ltr'><strong><em>Nec</em></strong></span> <span class='ocrx_word' id='word_1_563' title='bbox 2370 1129 2508 1181; x_wconf 89' lang='lat' dir='ltr'><strong><em>enim</em></strong></span> <span class='ocrx_word' id='word_1_564' title='bbox 2541 1138 2619 1181; x_wconf 88' lang='lat' dir='ltr'><strong><em>est</em></strong></span> <span class='ocrx_word' id='word_1_565' title='bbox 2650 1130 2815 1182; x_wconf 90' lang='lat' dir='ltr'><strong><em>bonus</em></strong></span> <span class='ocrx_word' id='word_1_566' title='bbox 2842 1128 3169 1196; x_wconf 89' lang='lat' dir='ltr'><strong><em>hujusmodi,</em></strong></span> <span class='ocrx_word' id='word_1_567' title='bbox 3204 1137 3312 1180; x_wconf 90' lang='lat' dir='ltr'><strong><em>etc.</em></strong></span> <span class='ocrx_word' id='word_1_568' title='bbox 3452 1194 3497 1196; x_wconf 72' lang='lat'><em>_</em></span> <span class='ocrx_word' id='word_1_569' title='bbox 3566 1143 3573 1147; x_wconf 55' lang='grc' dir='ltr'>ε</span> <span class='ocrx_word' id='word_1_570' title='bbox 3786 1188 3793 1193; x_wconf 80' lang='grc' dir='ltr'><strong><em> </em></strong></span> 
     </span>
    </p>
   </div>
   <div class='ocr_carea' id='block_1_91' title="bbox 2304 1194 3853 1268">
    <p class='ocr_par' dir='ltr' id='par_1_91' title="bbox 2304 1194 3853 1268">
     <span class='ocr_line' id='line_1_94' title="bbox 2304 1194 3853 1268; baseline 0.001 -18"><span class='ocrx_word' id='word_1_571' title='bbox 2304 1198 2438 1252; x_wconf 82' lang='lat' dir='ltr'><strong><em>Ibid.</em></strong></span> <span class='ocrx_word' id='word_1_572' title='bbox 2467 1199 2555 1268; x_wconf 89' lang='lat' dir='ltr'><strong><em>qui</em></strong></span> <span class='ocrx_word' id='word_1_573' title='bbox 2585 1200 2773 1252; x_wconf 88' lang='lat' dir='ltr'><strong><em>iterum</em></strong></span> <span class='ocrx_word' id='word_1_574' title='bbox 2804 1194 3021 1268; x_wconf 79' lang='lat' dir='ltr'><strong><em>festinat</em></strong></span> <span class='ocrx_word' id='word_1_575' title='bbox 3055 1195 3417 1263; x_wconf 61' lang='lat' dir='ltr'><strong><em>salvare,*clc.</em></strong></span> <span class='ocrx_word' id='word_1_576' title='bbox 3448 1194 3585 1252; x_wconf 87' lang='lat' dir='ltr'><strong><em>Mss.</em></strong></span> <span class='ocrx_word' id='word_1_577' title='bbox 3606 1198 3721 1266; x_wconf 74' lang='lat' dir='ltr'><strong><em>qui</em></strong></span> <span class='ocrx_word' id='word_1_578' title='bbox 3749 1200 3853 1251; x_wconf 56' lang='lat' dir='ltr'><strong><em>al-</em></strong></span> 
     </span>
    </p>
   </div>
   <div class='ocr_carea' id='block_1_92' title="bbox 2230 1268 3031 1337">
    <p class='ocr_par' dir='ltr' id='par_1_92' title="bbox 2230 1268 3031 1337">
     <span class='ocr_line' id='line_1_95' title="bbox 2230 1268 3031 1337; baseline -0.001 -14"><span class='ocrx_word' id='word_1_579' title='bbox 2230 1279 2402 1323; x_wconf 91' lang='lat' dir='ltr'><strong><em>ternm</em></strong></span> <span class='ocrx_word' id='word_1_580' title='bbox 2428 1268 2643 1337; x_wconf 83' lang='lat' dir='ltr'><strong><em>festinat</em></strong></span> <span class='ocrx_word' id='word_1_581' title='bbox 2674 1268 2899 1334; x_wconf 83' lang='lat' dir='ltr'><strong><em>salvare,</em></strong></span> <span class='ocrx_word' id='word_1_582' title='bbox 2926 1276 3031 1322; x_wconf 87' lang='lat' dir='ltr'><strong><em>etc.</em></strong></span> 
     </span>
    </p>
   </div>
   <div class='ocr_carea' id='block_1_93' title="bbox 2299 1334 3848 1405">
    <p class='ocr_par' dir='ltr' id='par_1_93' title="bbox 2299 1334 3848 1405">
     <span class='ocr_line' id='line_1_96' title="bbox 2299 1334 3848 1405; baseline 0 -14"><span class='ocrx_word' id='word_1_583' title='bbox 2299 1334 2439 1392; x_wconf 79' lang='lat' dir='ltr'><strong><em>Ibid.</em></strong></span> <span class='ocrx_word' id='word_1_584' title='bbox 2495 1340 2631 1392; x_wconf 88' lang='lat' dir='ltr'><strong><em>sicut</em></strong></span> <span class='ocrx_word' id='word_1_585' title='bbox 2678 1339 2945 1402; x_wconf 82' lang='lat' dir='ltr'><strong><em>Andreas,</em></strong></span> <span class='ocrx_word' id='word_1_586' title='bbox 2980 1337 3173 1393; x_wconf 84' lang='lat' dir='ltr'><strong><em>Petrus</em></strong></span> <span class='ocrx_word' id='word_1_587' title='bbox 3198 1375 3214 1399; x_wconf 90' lang='lat'><strong><em>,</em></strong></span> <span class='ocrx_word' id='word_1_588' title='bbox 3248 1334 3559 1405; x_wconf 81' lang='lat' dir='ltr'><strong><em>Philippus,</em></strong></span> <span class='ocrx_word' id='word_1_589' title='bbox 3598 1334 3848 1391; x_wconf 70' lang='lat' dir='ltr'><strong><em>Nutha-</em></strong></span> 
     </span>
    </p>
   </div>
   <div class='ocr_carea' id='block_1_94' title="bbox 2229 1405 3840 1477">
    <p class='ocr_par' dir='ltr' id='par_1_94' title="bbox 2229 1405 3840 1477">
     <span class='ocr_line' id='line_1_97' title="bbox 2229 1405 3840 1477; baseline 0.001 -16"><span class='ocrx_word' id='word_1_590' title='bbox 2229 1408 2378 1477; x_wconf 79' lang='lat' dir='ltr'><strong><em>nael,</em></strong></span> <span class='ocrx_word' id='word_1_591' title='bbox 2416 1418 2521 1463; x_wconf 89' lang='lat' dir='ltr'><strong><em>etc.</em></strong></span> <span class='ocrx_word' id='word_1_592' title='bbox 2565 1408 2696 1463; x_wconf 86' lang='lat' dir='ltr'><strong><em>Mss.</em></strong></span> <span class='ocrx_word' id='word_1_593' title='bbox 2744 1409 2879 1463; x_wconf 86' lang='lat' dir='ltr'><strong><em>sicut</em></strong></span> <span class='ocrx_word' id='word_1_594' title='bbox 2933 1405 3468 1471; x_wconf 42' lang='lat' dir='ltr'><strong><em>AndreastPetrum,</em></strong></span> <span class='ocrx_word' id='word_1_595' title='bbox 3524 1405 3840 1477; x_wconf 78' lang='lat' dir='ltr'><strong><em>Philippus</em></strong></span> 
     </span>
    </p>
   </div>
   <div class='ocr_carea' id='block_1_95' title="bbox 2229 1476 2698 1541">
    <p class='ocr_par' dir='ltr' id='par_1_95' title="bbox 2229 1476 2698 1541">
     <span class='ocr_line' id='line_1_98' title="bbox 2229 1476 2698 1541; baseline 0.002 -11"><span class='ocrx_word' id='word_1_596' title='bbox 2229 1476 2559 1541; x_wconf 86' lang='lat' dir='ltr'><strong><em>Nathanael,</em></strong></span> <span class='ocrx_word' id='word_1_597' title='bbox 2592 1488 2698 1535; x_wconf 89' lang='lat' dir='ltr'><strong><em>etc.</em></strong></span> 
     </span>
    </p>
   </div>
   <div class='ocr_carea' id='block_1_96' title="bbox 2301 1545 3838 1619">
    <p class='ocr_par' dir='ltr' id='par_1_96' title="bbox 2301 1545 3838 1619">
     <span class='ocr_line' id='line_1_99' title="bbox 2301 1545 3838 1619; baseline 0.001 -19"><span class='ocrx_word' id='word_1_598' title='bbox 2301 1548 2437 1619; x_wconf 85' lang='lat' dir='ltr'><strong><em>Ibid.</em></strong></span> <span class='ocrx_word' id='word_1_599' title='bbox 2476 1550 2668 1618; x_wconf 86' lang='lat' dir='ltr'><strong><em>accipit</em></strong></span> <span class='ocrx_word' id='word_1_600' title='bbox 2701 1547 2771 1602; x_wconf 89' lang='lat' dir='ltr'><strong><em>ad</em></strong></span> <span class='ocrx_word' id='word_1_601' title='bbox 2801 1548 2974 1619; x_wconf 89' lang='lat' dir='ltr'><strong><em>ipsum</em></strong></span> <span class='ocrx_word' id='word_1_602' title='bbox 3008 1557 3058 1601; x_wconf 90' lang='lat' dir='ltr'><strong><em>et</em></strong></span> <span class='ocrx_word' id='word_1_603' title='bbox 3092 1547 3389 1617; x_wconf 66' lang='lat' dir='ltr'><strong><em>est-gratia,</em></strong></span> <span class='ocrx_word' id='word_1_604' title='bbox 3424 1556 3525 1602; x_wconf 71' lang='lat' dir='ltr'><strong><em>etc.</em></strong></span> <span class='ocrx_word' id='word_1_605' title='bbox 3554 1545 3697 1603; x_wconf 86' lang='lat' dir='ltr'><strong><em>Mss.</em></strong></span> <span class='ocrx_word' id='word_1_606' title='bbox 3733 1566 3838 1602; x_wconf 86' lang='lat' dir='ltr'><strong><em>ac-</em></strong></span> 
     </span>
    </p>
   </div>
   <div class='ocr_carea' id='block_1_97' title="bbox 2226 1618 3152 1689">
    <p class='ocr_par' dir='ltr' id='par_1_97' title="bbox 2226 1618 3152 1689">
     <span class='ocr_line' id='line_1_100' title="bbox 2226 1618 3152 1689; baseline 0 -18"><span class='ocrx_word' id='word_1_607' title='bbox 2226 1618 2365 1689; x_wconf 87' lang='lat' dir='ltr'><strong><em>cipit</em></strong></span> <span class='ocrx_word' id='word_1_608' title='bbox 2384 1618 2615 1688; x_wconf 78' lang='lat' dir='ltr'><strong><em>idipsum</em></strong></span> <span class='ocrx_word' id='word_1_609' title='bbox 2646 1629 2697 1672; x_wconf 87' lang='lat' dir='ltr'><strong><em>et</em></strong></span> <span class='ocrx_word' id='word_1_610' title='bbox 2721 1633 2786 1673; x_wconf 76' lang='lat' dir='ltr'><strong><em>ex</em></strong></span> <span class='ocrx_word' id='word_1_611' title='bbox 2814 1618 3013 1689; x_wconf 84' lang='lat' dir='ltr'><strong><em>gratia,</em></strong></span> <span class='ocrx_word' id='word_1_612' title='bbox 3047 1627 3152 1689; x_wconf 74' lang='lat' dir='ltr'><strong><em>etc.</em></strong></span> 
     </span>
    </p>
   </div>
   <div class='ocr_carea' id='block_1_98' title="bbox 2301 1686 3829 1754">
    <p class='ocr_par' dir='ltr' id='par_1_98' title="bbox 2301 1686 3829 1754">
     <span class='ocr_line' id='line_1_101' title="bbox 2301 1686 3829 1754; baseline 0.002 -13"><span class='ocrx_word' id='word_1_613' title='bbox 2301 1688 2430 1741; x_wconf 89' lang='lat' dir='ltr'><strong><em>Ibid.</em></strong></span> <span class='ocrx_word' id='word_1_614' title='bbox 2463 1686 2559 1741; x_wconf 79' lang='lat' dir='ltr'><strong><em>aut</em></strong></span> <span class='ocrx_word' id='word_1_615' title='bbox 2588 1690 2643 1742; x_wconf 90' lang='lat' dir='ltr'><strong><em>in</em></strong></span> <span class='ocrx_word' id='word_1_616' title='bbox 2672 1686 2889 1743; x_wconf 76' lang='lat' dir='ltr'><strong><em>veritate</em></strong></span> <span class='ocrx_word' id='word_1_617' title='bbox 2909 1728 2924 1751; x_wconf 92' lang='lat'><strong><em>,</em></strong></span> <span class='ocrx_word' id='word_1_618' title='bbox 2957 1699 3062 1743; x_wconf 86' lang='lat' dir='ltr'><strong><em>etc.</em></strong></span> <span class='ocrx_word' id='word_1_619' title='bbox 3094 1686 3223 1743; x_wconf 89' lang='lat' dir='ltr'><strong><em>Mss.</em></strong></span> <span class='ocrx_word' id='word_1_620' title='bbox 3255 1696 3348 1741; x_wconf 87' lang='lat' dir='ltr'><strong><em>aut</em></strong></span> <span class='ocrx_word' id='word_1_621' title='bbox 3376 1688 3430 1740; x_wconf 86' lang='lat' dir='ltr'><strong><em>iu</em></strong></span> <span class='ocrx_word' id='word_1_622' title='bbox 3455 1689 3673 1754; x_wconf 79' lang='lat' dir='ltr'><strong><em>virtute,</em></strong></span> <span class='ocrx_word' id='word_1_623' title='bbox 3705 1697 3829 1744; x_wconf 85' lang='lat' dir='ltr'><strong><em>etc.</em></strong></span> 
     </span>
    </p>
   </div>
   <div class='ocr_carea' id='block_1_99' title="bbox 2299 1754 3827 1824">
    <p class='ocr_par' dir='ltr' id='par_1_99' title="bbox 2299 1754 3827 1824">
     <span class='ocr_line' id='line_1_102' title="bbox 2299 1754 3827 1824; baseline 0 -12"><span class='ocrx_word' id='word_1_624' title='bbox 2299 1754 2432 1812; x_wconf 85' lang='lat' dir='ltr'><strong><em>Ibid.</em></strong></span> <span class='ocrx_word' id='word_1_625' title='bbox 2491 1760 2653 1814; x_wconf 87' lang='lat' dir='ltr'><strong><em>donec</em></strong></span> <span class='ocrx_word' id='word_1_626' title='bbox 2684 1758 3088 1824; x_wconf 68' lang='lat' dir='ltr'><strong><em>intellexerunt,</em></strong></span> <span class='ocrx_word' id='word_1_627' title='bbox 3134 1770 3240 1814; x_wconf 85' lang='lat' dir='ltr'><strong><em>etc.</em></strong></span> <span class='ocrx_word' id='word_1_628' title='bbox 3266 1756 3618 1813; x_wconf 49' lang='lat' dir='ltr'><strong><em>Mssxdonec</em></strong></span> <span class='ocrx_word' id='word_1_629' title='bbox 3658 1761 3827 1814; x_wconf 80' lang='lat' dir='ltr'><strong><em>intel-</em></strong></span> 
     </span>
    </p>
   </div>
   <div class='ocr_carea' id='block_1_100' title="bbox 2224 1828 2599 1893">
    <p class='ocr_par' dir='ltr' id='par_1_100' title="bbox 2224 1828 2599 1893">
     <span class='ocr_line' id='line_1_103' title="bbox 2224 1828 2599 1893; baseline 0.003 -12"><span class='ocrx_word' id='word_1_630' title='bbox 2224 1828 2469 1893; x_wconf 74' lang='lat' dir='ltr'><strong><em>lexerint,</em></strong></span> <span class='ocrx_word' id='word_1_631' title='bbox 2496 1839 2599 1884; x_wconf 83' lang='lat' dir='ltr'><strong><em>etc.</em></strong></span> 
     </span>
    </p>
   </div>
   <div class='ocr_carea' id='block_1_101' title="bbox 2296 1896 3820 1970">
    <p class='ocr_par' dir='ltr' id='par_1_101' title="bbox 2296 1896 3820 1970">
     <span class='ocr_line' id='line_1_104' title="bbox 2296 1896 3820 1970; baseline 0.002 -19"><span class='ocrx_word' id='word_1_632' title='bbox 2296 1898 2428 1953; x_wconf 88' lang='lat' dir='ltr'><strong><em>Ibid.</em></strong></span> <span class='ocrx_word' id='word_1_633' title='bbox 2450 1908 2514 1952; x_wconf 79' lang='lat' dir='ltr'><strong><em>~et</em></strong></span> <span class='ocrx_word' id='word_1_634' title='bbox 2545 1901 2716 1954; x_wconf 83' lang='lat' dir='ltr'><strong><em>sedeat</em></strong></span> <span class='ocrx_word' id='word_1_635' title='bbox 2761 1915 2917 1970; x_wconf 86' lang='lat' dir='ltr'><strong><em>super</em></strong></span> <span class='ocrx_word' id='word_1_636' title='bbox 2946 1900 3154 1968; x_wconf 88' lang='lat' dir='ltr'><strong><em>sedem,</em></strong></span> <span class='ocrx_word' id='word_1_637' title='bbox 3182 1907 3306 1954; x_wconf 82' lang='lat' dir='ltr'><strong><em>etc.</em></strong></span> <span class='ocrx_word' id='word_1_638' title='bbox 3356 1896 3487 1953; x_wconf 84' lang='lat' dir='ltr'><strong><em>Mss.</em></strong></span> <span class='ocrx_word' id='word_1_639' title='bbox 3524 1909 3575 1954; x_wconf 90' lang='lat' dir='ltr'><strong><em>et</em></strong></span> <span class='ocrx_word' id='word_1_640' title='bbox 3608 1899 3820 1955; x_wconf 85' lang='lat' dir='ltr'><strong><em>sedebit</em></strong></span> 
     </span>
    </p>
   </div>
   <div class='ocr_carea' id='block_1_102' title="bbox 2223 1971 2746 2038">
    <p class='ocr_par' dir='ltr' id='par_1_102' title="bbox 2223 1971 2746 2038">
     <span class='ocr_line' id='line_1_105' title="bbox 2223 1971 2746 2038; baseline 0.004 -17"><span class='ocrx_word' id='word_1_641' title='bbox 2223 1984 2383 2038; x_wconf 83' lang='lat' dir='ltr'><strong><em>super</em></strong></span> <span class='ocrx_word' id='word_1_642' title='bbox 2412 1971 2616 2035; x_wconf 82' lang='lat' dir='ltr'><strong><em>sedem,</em></strong></span> <span class='ocrx_word' id='word_1_643' title='bbox 2641 1980 2746 2023; x_wconf 86' lang='lat' dir='ltr'><strong><em>etc.</em></strong></span> 
     </span>
    </p>
   </div>
   <div class='ocr_carea' id='block_1_103' title="bbox 2295 2036 3813 2109">
    <p class='ocr_par' dir='ltr' id='par_1_103' title="bbox 2295 2036 3813 2109">
     <span class='ocr_line' id='line_1_106' title="bbox 2295 2036 3813 2109; baseline 0.002 -18"><span class='ocrx_word' id='word_1_644' title='bbox 2295 2036 2426 2108; x_wconf 72' lang='lat' dir='ltr'><strong><em>Pag.</em></strong></span> <span class='ocrx_word' id='word_1_645' title='bbox 2457 2039 2583 2093; x_wconf 67' lang='lat'><strong>887.</strong></span> <span class='ocrx_word' id='word_1_646' title='bbox 2615 2040 2868 2094; x_wconf 69' lang='lat' dir='ltr'><strong><em>admrtus</em></strong></span> <span class='ocrx_word' id='word_1_647' title='bbox 2899 2039 2954 2093; x_wconf 88' lang='lat' dir='ltr'><strong><em>in</em></strong></span> <span class='ocrx_word' id='word_1_648' title='bbox 2985 2040 3233 2109; x_wconf 89' lang='lat' dir='ltr'><strong><em>gloriam.</em></strong></span> <span class='ocrx_word' id='word_1_649' title='bbox 3277 2036 3410 2094; x_wconf 86' lang='lat' dir='ltr'><strong><em>Mss.</em></strong></span> <span class='ocrx_word' id='word_1_650' title='bbox 3444 2037 3720 2093; x_wconf 56' lang='lat' dir='ltr'><strong><em>vadrentus</em></strong></span> <span class='ocrx_word' id='word_1_651' title='bbox 3752 2042 3813 2094; x_wconf 75' lang='lat' dir='ltr'><strong><em>in</em></strong></span> 
     </span>
    </p>
   </div>
   <div class='ocr_carea' id='block_1_104' title="bbox 2259 2108 2418 2165">
    <p class='ocr_par' dir='ltr' id='par_1_104' title="bbox 2259 2108 2418 2165">
     <span class='ocr_line' id='line_1_107' title="bbox 2259 2108 2418 2165; baseline 0.031 -5"><span class='ocrx_word' id='word_1_652' title='bbox 2259 2108 2418 2165; x_wconf 87' lang='lat' dir='ltr'><strong><em>loria.</em></strong></span> 
     </span>
    </p>
   </div>
   <div class='ocr_carea' id='block_1_105' title="bbox 2225 2124 3815 2249">
    <p class='ocr_par' dir='ltr' id='par_1_105' title="bbox 2225 2124 3815 2249">
     <span class='ocr_line' id='line_1_108' title="bbox 2225 2124 3815 2249; baseline 0.001 -17"><span class='ocrx_word' id='word_1_653' title='bbox 2225 2124 2428 2249; x_wconf 33' lang='lat'><strong><em>$135]:</em></strong></span> <span class='ocrx_word' id='word_1_654' title='bbox 2464 2194 2534 2232; x_wconf 86' lang='lat' dir='ltr'><strong><em>an</em></strong></span> <span class='ocrx_word' id='word_1_655' title='bbox 2561 2180 2716 2233; x_wconf 88' lang='lat' dir='ltr'><strong><em>etiam</em></strong></span> <span class='ocrx_word' id='word_1_656' title='bbox 2741 2180 2840 2234; x_wconf 86' lang='lat' dir='ltr'><strong><em>hoc</em></strong></span> <span class='ocrx_word' id='word_1_657' title='bbox 2864 2196 2993 2249; x_wconf 82' lang='lat' dir='ltr'><strong><em>opus</em></strong></span> <span class='ocrx_word' id='word_1_658' title='bbox 3023 2180 3198 2246; x_wconf 84' lang='lat' dir='ltr'><strong><em>habet,</em></strong></span> <span class='ocrx_word' id='word_1_659' title='bbox 3226 2188 3330 2235; x_wconf 90' lang='lat' dir='ltr'><strong><em>etc.</em></strong></span> <span class='ocrx_word' id='word_1_660' title='bbox 3369 2177 3499 2234; x_wconf 87' lang='lat' dir='ltr'><strong><em>Mss.</em></strong></span> <span class='ocrx_word' id='word_1_661' title='bbox 3523 2190 3619 2233; x_wconf 85' lang='lat' dir='ltr'><strong><em>aut</em></strong></span> <span class='ocrx_word' id='word_1_662' title='bbox 3639 2182 3815 2235; x_wconf 83' lang='lat' dir='ltr'><strong><em>etiam</em></strong></span> 
     </span>
    </p>
   </div>
   <div class='ocr_carea' id='block_1_106' title="bbox 2222 2246 2812 2316">
    <p class='ocr_par' dir='ltr' id='par_1_106' title="bbox 2222 2246 2812 2316">
     <span class='ocr_line' id='line_1_109' title="bbox 2222 2246 2812 2316; baseline 0.008 -17"><span class='ocrx_word' id='word_1_663' title='bbox 2222 2246 2319 2301; x_wconf 91' lang='lat' dir='ltr'><strong><em>hoc</em></strong></span> <span class='ocrx_word' id='word_1_664' title='bbox 2351 2264 2480 2316; x_wconf 85' lang='lat' dir='ltr'><strong><em>opus</em></strong></span> <span class='ocrx_word' id='word_1_665' title='bbox 2504 2249 2678 2315; x_wconf 88' lang='lat' dir='ltr'><strong><em>habet,</em></strong></span> <span class='ocrx_word' id='word_1_666' title='bbox 2706 2260 2812 2304; x_wconf 89' lang='lat' dir='ltr'><strong><em>etc.</em></strong></span> 
     </span>
    </p>
   </div>
   <div class='ocr_carea' id='block_1_107' title="bbox 2294 2317 3805 2391">
    <p class='ocr_par' dir='ltr' id='par_1_107' title="bbox 2294 2317 3805 2391">
     <span class='ocr_line' id='line_1_110' title="bbox 2294 2317 3805 2391; baseline 0.001 -18"><span class='ocrx_word' id='word_1_667' title='bbox 2294 2318 2428 2373; x_wconf 89' lang='lat' dir='ltr'><strong><em>Ibid.</em></strong></span> <span class='ocrx_word' id='word_1_668' title='bbox 2463 2317 2610 2391; x_wconf 86' lang='lat' dir='ltr'><strong><em>Sicut</em></strong></span> <span class='ocrx_word' id='word_1_669' title='bbox 2640 2320 2776 2374; x_wconf 89' lang='lat' dir='ltr'><strong><em>enim</em></strong></span> <span class='ocrx_word' id='word_1_670' title='bbox 2806 2318 3123 2391; x_wconf 77' lang='lat' dir='ltr'><strong><em>fulgur...et</em></strong></span> <span class='ocrx_word' id='word_1_671' title='bbox 3146 2331 3420 2390; x_wconf 85' lang='lat' dir='ltr'><strong><em>propterea</em></strong></span> <span class='ocrx_word' id='word_1_672' title='bbox 3444 2320 3653 2389; x_wconf 88' lang='lat' dir='ltr'><strong><em>quod...</em></strong></span> <span class='ocrx_word' id='word_1_673' title='bbox 3678 2338 3805 2391; x_wconf 87' lang='lat' dir='ltr'><strong><em>pro-</em></strong></span> 
     </span>
    </p>
   </div>
   <div class='ocr_carea' id='block_1_108' title="bbox 2220 2389 3811 2461">
    <p class='ocr_par' dir='ltr' id='par_1_108' title="bbox 2220 2389 3811 2461">
     <span class='ocr_line' id='line_1_111' title="bbox 2220 2389 3811 2461; baseline 0.003 -20"><span class='ocrx_word' id='word_1_674' title='bbox 2220 2396 2506 2461; x_wconf 86' lang='lat' dir='ltr'><strong><em>ptereaque</em></strong></span> <span class='ocrx_word' id='word_1_675' title='bbox 2529 2390 2735 2459; x_wconf 88' lang='lat' dir='ltr'><strong><em>ubique,</em></strong></span> <span class='ocrx_word' id='word_1_676' title='bbox 2765 2400 2871 2444; x_wconf 88' lang='lat' dir='ltr'><strong><em>etc.</em></strong></span> <span class='ocrx_word' id='word_1_677' title='bbox 2896 2389 3032 2445; x_wconf 86' lang='lat' dir='ltr'><strong><em>Mss.</em></strong></span> <span class='ocrx_word' id='word_1_678' title='bbox 3060 2389 3217 2461; x_wconf 79' lang='lat' dir='ltr'><strong><em>Sicut</em></strong></span> <span class='ocrx_word' id='word_1_679' title='bbox 3242 2408 3366 2460; x_wconf 86' lang='lat' dir='ltr'><strong><em>ergo</em></strong></span> <span class='ocrx_word' id='word_1_680' title='bbox 3395 2392 3645 2460; x_wconf 81' lang='lat' dir='ltr'><strong><em>fulgur...</em></strong></span> <span class='ocrx_word' id='word_1_681' title='bbox 3672 2389 3811 2461; x_wconf 80' lang='lat' dir='ltr'><strong><em>pro-</em></strong></span> 
     </span>
    </p>
   </div>
   <div class='ocr_carea' id='block_1_109' title="bbox 2219 2460 3354 2542">
    <p class='ocr_par' dir='ltr' id='par_1_109' title="bbox 2219 2460 3354 2542">
     <span class='ocr_line' id='line_1_112' title="bbox 2219 2460 3354 2542; baseline 0.003 -30"><span class='ocrx_word' id='word_1_682' title='bbox 2219 2460 2575 2542; x_wconf 42' lang='lat' dir='ltr'><strong><em>pterquam...</em></strong></span> <span class='ocrx_word' id='word_1_683' title='bbox 2601 2471 2818 2542; x_wconf 64' lang='lat' dir='ltr'><strong><em>prapter</em></strong></span> <span class='ocrx_word' id='word_1_684' title='bbox 2844 2461 2985 2542; x_wconf 75' lang='lat' dir='ltr'><strong><em>quod</em></strong></span> <span class='ocrx_word' id='word_1_685' title='bbox 3014 2460 3222 2531; x_wconf 86' lang='lat' dir='ltr'><strong><em>ubique,</em></strong></span> <span class='ocrx_word' id='word_1_686' title='bbox 3249 2472 3354 2542; x_wconf 86' lang='lat' dir='ltr'><strong><em>etc.</em></strong></span> 
     </span>
    </p>
   </div>
   <div class='ocr_carea' id='block_1_110' title="bbox 2292 2528 3804 2601">
    <p class='ocr_par' dir='ltr' id='par_1_110' title="bbox 2292 2528 3804 2601">
     <span class='ocr_line' id='line_1_113' title="bbox 2292 2528 3804 2601; baseline 0.004 -20"><span class='ocrx_word' id='word_1_687' title='bbox 2292 2528 2446 2601; x_wconf 75' lang='lat' dir='ltr'><strong><em>Ibid._</em></strong></span> <span class='ocrx_word' id='word_1_688' title='bbox 2470 2530 2560 2599; x_wconf 85' lang='lat' dir='ltr'><strong><em>qui</em></strong></span> <span class='ocrx_word' id='word_1_689' title='bbox 2594 2528 2649 2583; x_wconf 88' lang='lat' dir='ltr'><strong><em>in</em></strong></span> <span class='ocrx_word' id='word_1_690' title='bbox 2676 2528 2864 2600; x_wconf 54' lang='lat' dir='ltr'><strong><em>forma&#39;</em></strong></span> <span class='ocrx_word' id='word_1_691' title='bbox 2877 2531 3051 2600; x_wconf 88' lang='lat' dir='ltr'><strong><em>factus</em></strong></span> <span class='ocrx_word' id='word_1_692' title='bbox 3078 2528 3155 2585; x_wconf 79' lang='lat' dir='ltr'><strong><em>est</em></strong></span> <span class='ocrx_word' id='word_1_693' title='bbox 3177 2572 3191 2598; x_wconf 96' lang='lat'><strong><em>,</em></strong></span> <span class='ocrx_word' id='word_1_694' title='bbox 3227 2541 3335 2587; x_wconf 86' lang='lat' dir='ltr'><strong><em>etc.</em></strong></span> <span class='ocrx_word' id='word_1_695' title='bbox 3379 2529 3513 2585; x_wconf 86' lang='lat' dir='ltr'><strong><em>Mss.</em></strong></span> <span class='ocrx_word' id='word_1_696' title='bbox 3542 2531 3634 2601; x_wconf 91' lang='lat' dir='ltr'><strong><em>qui</em></strong></span> <span class='ocrx_word' id='word_1_697' title='bbox 3659 2543 3713 2587; x_wconf 83' lang='lat' dir='ltr'><strong><em>et</em></strong></span> <span class='ocrx_word' id='word_1_698' title='bbox 3747 2536 3804 2587; x_wconf 82' lang='lat' dir='ltr'><strong><em>in</em></strong></span> 
     </span>
    </p>
   </div>
   <div class='ocr_carea' id='block_1_111' title="bbox 2219 2596 2706 2669">
    <p class='ocr_par' dir='ltr' id='par_1_111' title="bbox 2219 2596 2706 2669">
     <span class='ocr_line' id='line_1_114' title="bbox 2219 2596 2706 2669; baseline 0.008 -18"><span class='ocrx_word' id='word_1_699' title='bbox 2219 2596 2395 2669; x_wconf 75' lang='lat' dir='ltr'><strong><em>forma</em></strong></span> <span class='ocrx_word' id='word_1_700' title='bbox 2417 2596 2589 2669; x_wconf 81' lang='lat' dir='ltr'><strong><em>factus</em></strong></span> <span class='ocrx_word' id='word_1_701' title='bbox 2609 2596 2706 2656; x_wconf 83' lang='lat' dir='ltr'><strong><em>est.</em></strong></span> 
     </span>
    </p>
   </div>
   <div class='ocr_carea' id='block_1_112' title="bbox 2290 2666 3798 2740">
    <p class='ocr_par' dir='ltr' id='par_1_112' title="bbox 2290 2666 3798 2740">
     <span class='ocr_line' id='line_1_115' title="bbox 2290 2666 3798 2740; baseline 0.003 -18"><span class='ocrx_word' id='word_1_702' title='bbox 2290 2666 2427 2724; x_wconf 78' lang='lat' dir='ltr'><strong><em>Ibid.</em></strong></span> <span class='ocrx_word' id='word_1_703' title='bbox 2459 2670 2585 2740; x_wconf 90' lang='lat' dir='ltr'><strong><em>quia</em></strong></span> <span class='ocrx_word' id='word_1_704' title='bbox 2613 2686 2800 2740; x_wconf 84' lang='lat' dir='ltr'><strong><em>aspera</em></strong></span> <span class='ocrx_word' id='word_1_705' title='bbox 2847 2679 2897 2726; x_wconf 91' lang='lat' dir='ltr'><strong><em>et</em></strong></span> <span class='ocrx_word' id='word_1_706' title='bbox 2939 2671 3076 2725; x_wconf 86' lang='lat' dir='ltr'><strong><em>dura</em></strong></span> <span class='ocrx_word' id='word_1_707' title='bbox 3126 2687 3260 2725; x_wconf 74' lang='lat' dir='ltr'><strong><em>saxa</em></strong></span> <span class='ocrx_word' id='word_1_708' title='bbox 3307 2672 3446 2726; x_wconf 87' lang='lat' dir='ltr'><strong><em>male</em></strong></span> <span class='ocrx_word' id='word_1_709' title='bbox 3479 2674 3798 2734; x_wconf 80' lang='lat' dir='ltr'><strong><em>ascendunt.</em></strong></span> 
     </span>
    </p>
   </div>
   <div class='ocr_carea' id='block_1_113' title="bbox 2217 2736 3602 2811">
    <p class='ocr_par' dir='ltr' id='par_1_113' title="bbox 2217 2736 3602 2811">
     <span class='ocr_line' id='line_1_116' title="bbox 2217 2736 3602 2811; baseline 0.004 -19"><span class='ocrx_word' id='word_1_710' title='bbox 2217 2736 2348 2811; x_wconf 87' lang='lat' dir='ltr'><strong><em>Ms_s.</em></strong></span> <span class='ocrx_word' id='word_1_711' title='bbox 2380 2736 2481 2811; x_wconf 69' lang='lat' dir='ltr'><strong><em>qui</em></strong></span> <span class='ocrx_word' id='word_1_712' title='bbox 2495 2736 2688 2811; x_wconf 77' lang='lat' dir='ltr'><strong><em>_asperd</em></strong></span> <span class='ocrx_word' id='word_1_713' title='bbox 2710 2752 2758 2796; x_wconf 91' lang='lat' dir='ltr'><strong><em>et</em></strong></span> <span class='ocrx_word' id='word_1_714' title='bbox 2787 2741 2926 2795; x_wconf 89' lang='lat' dir='ltr'><strong><em>dura</em></strong></span> <span class='ocrx_word' id='word_1_715' title='bbox 2957 2758 3091 2796; x_wconf 75' lang='lat' dir='ltr'><strong><em>saxa</em></strong></span> <span class='ocrx_word' id='word_1_716' title='bbox 3124 2742 3260 2796; x_wconf 87' lang='lat' dir='ltr'><strong><em>mole</em></strong></span> <span class='ocrx_word' id='word_1_717' title='bbox 3290 2747 3602 2797; x_wconf 85' lang='lat' dir='ltr'><strong><em>ascendunt.</em></strong></span> 
     </span>
    </p>
   </div>
   <div class='ocr_carea' id='block_1_114' title="bbox 2287 2808 3797 2883">
    <p class='ocr_par' dir='ltr' id='par_1_114' title="bbox 2287 2808 3797 2883">
     <span class='ocr_line' id='line_1_117' title="bbox 2287 2808 3797 2883; baseline 0.004 -20"><span class='ocrx_word' id='word_1_718' title='bbox 2287 2808 2575 2883; x_wconf 34' lang='lat' dir='ltr'><strong><em>Pagj.~888.</em></strong></span> <span class='ocrx_word' id='word_1_719' title='bbox 2605 2828 2641 2883; x_wconf 83' lang='lat' dir='ltr'><strong><em>a</em></strong></span> <span class='ocrx_word' id='word_1_720' title='bbox 2663 2811 2985 2883; x_wconf 87' lang='lat' dir='ltr'><strong><em>depositione</em></strong></span> <span class='ocrx_word' id='word_1_721' title='bbox 3014 2811 3218 2883; x_wconf 84' lang='lat' dir='ltr'><strong><em>mundi.</em></strong></span> <span class='ocrx_word' id='word_1_722' title='bbox 3235 2811 3367 2868; x_wconf 84' lang='lat' dir='ltr'><strong><em>Mss.</em></strong></span> <span class='ocrx_word' id='word_1_723' title='bbox 3393 2829 3426 2866; x_wconf 75' lang='grc' dir='ltr'><em>α</em></span> <span class='ocrx_word' id='word_1_724' title='bbox 3451 2813 3797 2882; x_wconf 84' lang='lat' dir='ltr'><strong><em>dispositione</em></strong></span> 
     </span>
    </p>
   </div>
   <div class='ocr_carea' id='block_1_115' title="bbox 2216 2880 3792 2953">
    <p class='ocr_par' dir='ltr' id='par_1_115' title="bbox 2216 2880 3792 2953">
     <span class='ocr_line' id='line_1_118' title="bbox 2216 2880 3792 2953; baseline 0.004 -20"><span class='ocrx_word' id='word_1_725' title='bbox 2216 2880 2438 2953; x_wconf 81' lang='lat' dir='ltr'><strong><em>mundi,</em></strong></span> <span class='ocrx_word' id='word_1_726' title='bbox 2475 2880 2570 2953; x_wconf 84' lang='lat' dir='ltr'><strong><em>sed</em></strong></span> <span class='ocrx_word' id='word_1_727' title='bbox 2601 2881 2655 2935; x_wconf 92' lang='lat' dir='ltr'><strong><em>in</em></strong></span> <span class='ocrx_word' id='word_1_728' title='bbox 2685 2880 3039 2953; x_wconf 81' lang='lat' dir='ltr'><strong><em>sequentibus</em></strong></span> <span class='ocrx_word' id='word_1_729' title='bbox 3072 2882 3275 2953; x_wconf 88' lang='lat' dir='ltr'><strong><em>ubique</em></strong></span> <span class='ocrx_word' id='word_1_730' title='bbox 3307 2880 3633 2953; x_wconf 76' lang='lat' dir='ltr'><strong><em>depositione</em></strong></span> <span class='ocrx_word' id='word_1_731' title='bbox 3653 2924 3668 2951; x_wconf 93' lang='lat'><strong><em>,</em></strong></span> <span class='ocrx_word' id='word_1_732' title='bbox 3697 2887 3792 2939; x_wconf 87' lang='lat' dir='ltr'><strong><em>de-</em></strong></span> 
     </span>
    </p>
   </div>
   <div class='ocr_carea' id='block_1_116' title="bbox 2202 2950 2848 3033">
    <p class='ocr_par' dir='ltr' id='par_1_116' title="bbox 2202 2950 2848 3033">
     <span class='ocr_line' id='line_1_119' title="bbox 2202 2950 2848 3033; baseline 0.005 -28"><span class='ocrx_word' id='word_1_733' title='bbox 2202 2952 2427 3033; x_wconf 71' lang='lat' dir='ltr'><strong><em>positiq,</em></strong></span> <span class='ocrx_word' id='word_1_734' title='bbox 2438 2950 2709 3033; x_wconf 78' lang='lat' dir='ltr'><strong><em>deposita,</em></strong></span> <span class='ocrx_word' id='word_1_735' title='bbox 2725 2950 2848 3033; x_wconf 64' lang='lat' dir='ltr'><strong><em>etc.</em></strong></span> 
     </span>
    </p>
   </div>
   <div class='ocr_carea' id='block_1_117' title="bbox 2268 3020 3791 3145">
    <p class='ocr_par' dir='ltr' id='par_1_117' title="bbox 2268 3020 3791 3145">
     <span class='ocr_line' id='line_1_120' title="bbox 2268 3020 3791 3145; baseline 0.002 -71"><span class='ocrx_word' id='word_1_736' title='bbox 2268 3020 2426 3145; x_wconf 60' lang='lat' dir='ltr'><strong><em>blbid.</em></strong></span> <span class='ocrx_word' id='word_1_737' title='bbox 2449 3020 2552 3145; x_wconf 72' lang='lat' dir='ltr'><strong><em>tsic</em></strong></span> <span class='ocrx_word' id='word_1_738' title='bbox 2577 3038 2681 3076; x_wconf 89' lang='lat' dir='ltr'><strong><em>non</em></strong></span> <span class='ocrx_word' id='word_1_739' title='bbox 2708 3023 2955 3093; x_wconf 82' lang='lat' dir='ltr'><strong><em>possibile</em></strong></span> <span class='ocrx_word' id='word_1_740' title='bbox 2974 3061 2989 3088; x_wconf 87' lang='lat'><strong><em>,</em></strong></span> <span class='ocrx_word' id='word_1_741' title='bbox 3021 3035 3127 3078; x_wconf 86' lang='lat' dir='ltr'><strong><em>etc.</em></strong></span> <span class='ocrx_word' id='word_1_742' title='bbox 3163 3020 3295 3078; x_wconf 85' lang='lat' dir='ltr'><strong><em>Mss.</em></strong></span> <span class='ocrx_word' id='word_1_743' title='bbox 3327 3024 3406 3078; x_wconf 87' lang='lat' dir='ltr'><strong><em>sic</em></strong></span> <span class='ocrx_word' id='word_1_744' title='bbox 3436 3040 3536 3078; x_wconf 81' lang='lat' dir='ltr'><strong><em>non</em></strong></span> <span class='ocrx_word' id='word_1_745' title='bbox 3560 3033 3634 3078; x_wconf 85' lang='lat' dir='ltr'><strong><em>est</em></strong></span> <span class='ocrx_word' id='word_1_746' title='bbox 3660 3039 3791 3093; x_wconf 82' lang='lat' dir='ltr'><strong><em>pos-</em></strong></span> 
     </span>
     <span class='ocr_line' id='line_1_121' title="bbox 2302 3105 2521 3145; baseline -0.005 0"><span class='ocrx_word' id='word_1_747' title='bbox 2302 3109 2319 3145; x_wconf 81' lang='grc' dir='ltr'><strong><em>ι</em></strong></span> <span class='ocrx_word' id='word_1_748' title='bbox 2344 3108 2392 3145; x_wconf 91' lang='lat' dir='ltr'><strong><em>e.</em></strong></span> <span class='ocrx_word' id='word_1_749' title='bbox 2414 3105 2446 3145; x_wconf 92' lang='lat' dir='ltr'><strong><em>e</em></strong></span> <span class='ocrx_word' id='word_1_750' title='bbox 2472 3106 2521 3145; x_wconf 92' lang='lat' dir='ltr'><strong><em>c.</em></strong></span> 
     </span>
    </p>
   </div>
   <div class='ocr_carea' id='block_1_118' title="bbox 2216 3092 2521 3159">
    <p class='ocr_par' dir='ltr' id='par_1_118' title="bbox 2216 3092 2521 3159">
     <span class='ocr_line' id='line_1_122' title="bbox 2216 3092 2521 3159; baseline -0.016 -10"><span class='ocrx_word' id='word_1_751' title='bbox 2216 3092 2392 3159; x_wconf 87' lang='lat' dir='ltr'><strong><em>sibile,</em></strong></span> <span class='ocrx_word' id='word_1_752' title='bbox 2414 3099 2521 3147; x_wconf 89' lang='lat' dir='ltr'><strong><em>etc.</em></strong></span> 
     </span>
    </p>
   </div>
   <div class='ocr_carea' id='block_1_119' title="bbox 2283 3159 3786 3233">
    <p class='ocr_par' dir='ltr' id='par_1_119' title="bbox 2283 3159 3786 3233">
     <span class='ocr_line' id='line_1_123' title="bbox 2283 3159 3786 3233; baseline 0.001 -17"><span class='ocrx_word' id='word_1_753' title='bbox 2283 3161 2419 3217; x_wconf 87' lang='lat' dir='ltr'><strong><em>Ibid.</em></strong></span> <span class='ocrx_word' id='word_1_754' title='bbox 2456 3159 2682 3216; x_wconf 83' lang='lat' dir='ltr'><strong><em>Necesse</em></strong></span> <span class='ocrx_word' id='word_1_755' title='bbox 2711 3170 2792 3217; x_wconf 87' lang='lat' dir='ltr'><strong><em>est</em></strong></span> <span class='ocrx_word' id='word_1_756' title='bbox 2818 3180 2938 3218; x_wconf 85' lang='lat' dir='ltr'><strong><em>eum</em></strong></span> <span class='ocrx_word' id='word_1_757' title='bbox 2970 3171 3020 3217; x_wconf 89' lang='lat' dir='ltr'><strong><em>et</em></strong></span> <span class='ocrx_word' id='word_1_758' title='bbox 3060 3173 3451 3233; x_wconf 67' lang='lat' dir='ltr'><strong><em>quaestuosum,</em></strong></span> <span class='ocrx_word' id='word_1_759' title='bbox 3488 3174 3599 3220; x_wconf 84' lang='lat' dir='ltr'><strong><em>etc.</em></strong></span> <span class='ocrx_word' id='word_1_760' title='bbox 3646 3162 3786 3220; x_wconf 83' lang='lat' dir='ltr'><strong><em>Mss.</em></strong></span> 
     </span>
    </p>
   </div>
   <div class='ocr_carea' id='block_1_120' title="bbox 2216 3233 3308 3304">
    <p class='ocr_par' dir='ltr' id='par_1_120' title="bbox 2216 3233 3308 3304">
     <span class='ocr_line' id='line_1_124' title="bbox 2216 3233 3308 3304; baseline 0 -15"><span class='ocrx_word' id='word_1_761' title='bbox 2216 3233 2441 3304; x_wconf 76' lang='lat' dir='ltr'><strong><em>Necesse</em></strong></span> <span class='ocrx_word' id='word_1_762' title='bbox 2457 3238 2542 3304; x_wconf 90' lang='lat' dir='ltr'><strong><em>_est</em></strong></span> <span class='ocrx_word' id='word_1_763' title='bbox 2563 3234 2702 3304; x_wconf 85' lang='lat' dir='ltr'><strong><em>enim</em></strong></span> <span class='ocrx_word' id='word_1_764' title='bbox 2723 3244 2773 3286; x_wconf 92' lang='lat' dir='ltr'><strong><em>et</em></strong></span> <span class='ocrx_word' id='word_1_765' title='bbox 2801 3244 3178 3304; x_wconf 72' lang='lat' dir='ltr'><strong><em>quaestuosum,</em></strong></span> <span class='ocrx_word' id='word_1_766' title='bbox 3202 3243 3308 3290; x_wconf 89' lang='lat' dir='ltr'><strong><em>etc.</em></strong></span> 
     </span>
    </p>
   </div>
   <div class='ocr_carea' id='block_1_121' title="bbox 2275 3300 3784 3374">
    <p class='ocr_par' dir='ltr' id='par_1_121' title="bbox 2275 3300 3784 3374">
     <span class='ocr_line' id='line_1_125' title="bbox 2275 3300 3784 3374; baseline 0.003 -17"><span class='ocrx_word' id='word_1_767' title='bbox 2275 3302 2415 3374; x_wconf 82' lang='lat' dir='ltr'><strong><em>Ibid.</em></strong></span> <span class='ocrx_word' id='word_1_768' title='bbox 2440 3300 2586 3374; x_wconf 59' lang='lat' dir='ltr'><strong><em>{teut</em></strong></span> <span class='ocrx_word' id='word_1_769' title='bbox 2605 3300 2885 3374; x_wconf 78' lang='lat' dir='ltr'><strong><em>Christum</em></strong></span> <span class='ocrx_word' id='word_1_770' title='bbox 2921 3305 3175 3374; x_wconf 83' lang='lat' dir='ltr'><strong><em>algentem</em></strong></span> <span class='ocrx_word' id='word_1_771' title='bbox 3202 3305 3429 3359; x_wconf 77' lang='lat' dir='ltr'><strong><em>teximus</em></strong></span> <span class='ocrx_word' id='word_1_772' title='bbox 3460 3306 3784 3361; x_wconf 75' lang='lat' dir='ltr'><strong><em>vestimento.</em></strong></span> 
     </span>
    </p>
   </div>
   <div class='ocr_carea' id='block_1_122' title="bbox 2213 3371 3645 3445">
    <p class='ocr_par' dir='ltr' id='par_1_122' title="bbox 2213 3371 3645 3445">
     <span class='ocr_line' id='line_1_126' title="bbox 2213 3371 3645 3445; baseline 0.001 -17"><span class='ocrx_word' id='word_1_773' title='bbox 2213 3374 2341 3445; x_wconf 68' lang='lat' dir='ltr'><strong><em>Mss.</em></strong></span> <span class='ocrx_word' id='word_1_774' title='bbox 2382 3372 2513 3445; x_wconf 82' lang='lat' dir='ltr'><strong><em>Item</em></strong></span> <span class='ocrx_word' id='word_1_775' title='bbox 2547 3371 2759 3427; x_wconf 81' lang='lat' dir='ltr'><strong><em>Christo</em></strong></span> <span class='ocrx_word' id='word_1_776' title='bbox 2783 3371 2993 3445; x_wconf 76' lang='lat' dir='ltr'><strong><em>algenti</em></strong></span> <span class='ocrx_word' id='word_1_777' title='bbox 3010 3374 3234 3445; x_wconf 74' lang='lat' dir='ltr'><strong><em>teximus</em></strong></span> <span class='ocrx_word' id='word_1_778' title='bbox 3259 3376 3645 3429; x_wconf 78' lang='lat' dir='ltr'><strong><em>uestimentum.</em></strong></span> 
     </span>
    </p>
   </div>
   <div class='ocr_carea' id='block_1_123' title="bbox 2282 3442 3785 3516">
    <p class='ocr_par' dir='ltr' id='par_1_123' title="bbox 2282 3442 3785 3516">
     <span class='ocr_line' id='line_1_127' title="bbox 2282 3442 3785 3516; baseline 0.003 -20"><span class='ocrx_word' id='word_1_779' title='bbox 2282 3442 2418 3516; x_wconf 81' lang='lat' dir='ltr'><strong><em>Ibid.</em></strong></span> <span class='ocrx_word' id='word_1_780' title='bbox 2467 3442 2855 3512; x_wconf 70' lang='lat' dir='ltr'><strong><em>conﬁrmantur</em></strong></span> <span class='ocrx_word' id='word_1_781' title='bbox 2878 3445 3138 3515; x_wconf 71' lang='lat' dir='ltr'><strong><em>inﬁrmis.</em></strong></span> <span class='ocrx_word' id='word_1_782' title='bbox 3187 3443 3349 3516; x_wconf 78' lang='lat' dir='ltr'><strong><em>Lege,</em></strong></span> <span class='ocrx_word' id='word_1_783' title='bbox 3381 3447 3785 3515; x_wconf 80' lang='lat' dir='ltr'><strong><em>coinﬁrmantur</em></strong></span> 
     </span>
    </p>
   </div>
   <div class='ocr_carea' id='block_1_124' title="bbox 2212 3530 2461 3569">
    <p class='ocr_par' dir='ltr' id='par_1_124' title="bbox 2212 3530 2461 3569">
     <span class='ocr_line' id='line_1_128' title="bbox 2212 3530 2461 3569; baseline -0.012 0"><span class='ocrx_word' id='word_1_784' title='bbox 2212 3530 2461 3569; x_wconf 78' lang='lat' dir='ltr'><strong><em>snnrmts.</em></strong></span> 
     </span>
    </p>
   </div>
   <div class='ocr_carea' id='block_1_125' title="bbox 2268 3515 3781 3657">
    <p class='ocr_par' dir='ltr' id='par_1_125' title="bbox 2268 3515 3781 3657">
     <span class='ocr_line' id='line_1_129' title="bbox 2268 3515 3781 3657; baseline 0.001 -19"><span class='ocrx_word' id='word_1_785' title='bbox 2585 3584 2956 3657; x_wconf 84' lang='lat' dir='ltr'><strong><em>conﬁrmantes</em></strong></span> <span class='ocrx_word' id='word_1_786' title='bbox 2984 3585 3380 3657; x_wconf 82' lang='lat' dir='ltr'><strong><em>refrigeramus.</em></strong></span> <span class='ocrx_word' id='word_1_787' title='bbox 3402 3586 3532 3642; x_wconf 82' lang='lat' dir='ltr'><strong><em>Mss.</em></strong></span> <span class='ocrx_word' id='word_1_788' title='bbox 3554 3587 3781 3655; x_wconf 70' lang='lat' dir='ltr'><strong><em>eoin/ir-</em></strong></span> 
     </span>
    </p>
   </div>
   <div class='ocr_carea' id='block_1_126' title="bbox 2211 3654 2893 3723">
    <p class='ocr_par' dir='ltr' id='par_1_126' title="bbox 2211 3654 2893 3723">
     <span class='ocr_line' id='line_1_130' title="bbox 2211 3654 2893 3723; baseline -0.001 -15"><span class='ocrx_word' id='word_1_789' title='bbox 2211 3666 2415 3709; x_wconf 87' lang='lat' dir='ltr'><strong><em>mautes</em></strong></span> <span class='ocrx_word' id='word_1_790' title='bbox 2444 3654 2893 3723; x_wconf 87' lang='lat' dir='ltr'><strong><em>refrigeravimus.</em></strong></span> 
     </span>
    </p>
   </div>
   <div class='ocr_carea' id='block_1_127' title="bbox 2283 3724 3779 3797">
    <p class='ocr_par' dir='ltr' id='par_1_127' title="bbox 2283 3724 3779 3797">
     <span class='ocr_line' id='line_1_131' title="bbox 2283 3724 3779 3797; baseline 0.003 -20"><span class='ocrx_word' id='word_1_791' title='bbox 2283 3724 2417 3779; x_wconf 88' lang='lat' dir='ltr'><strong><em>Ibid.</em></strong></span> <span class='ocrx_word' id='word_1_792' title='bbox 2453 3726 2603 3777; x_wconf 76' lang='lat' dir='ltr'><strong><em>obliti</em></strong></span> <span class='ocrx_word' id='word_1_793' title='bbox 2626 3740 2809 3778; x_wconf 88' lang='lat' dir='ltr'><strong><em>eorum</em></strong></span> <span class='ocrx_word' id='word_1_794' title='bbox 2836 3740 2954 3795; x_wconf 76' lang='lat' dir='ltr'><strong><em>qua:</em></strong></span> <span class='ocrx_word' id='word_1_795' title='bbox 2977 3736 3184 3797; x_wconf 82' lang='lat' dir='ltr'><strong><em>gerunt.</em></strong></span> <span class='ocrx_word' id='word_1_796' title='bbox 3233 3724 3365 3781; x_wconf 85' lang='lat' dir='ltr'><strong><em>Mss.</em></strong></span> <span class='ocrx_word' id='word_1_797' title='bbox 3398 3728 3559 3781; x_wconf 83' lang='lat' dir='ltr'><strong><em>obliti</em></strong></span> <span class='ocrx_word' id='word_1_798' title='bbox 3603 3744 3779 3782; x_wconf 75' lang='lat' dir='ltr'><strong><em>eorum</em></strong></span> 
     </span>
    </p>
   </div>
   <div class='ocr_carea' id='block_1_128' title="bbox 2208 3804 2567 3866">
    <p class='ocr_par' dir='ltr' id='par_1_128' title="bbox 2208 3804 2567 3866">
     <span class='ocr_line' id='line_1_132' title="bbox 2208 3804 2567 3866; baseline -0.006 -18"><span class='ocrx_word' id='word_1_799' title='bbox 2208 3811 2327 3866; x_wconf 69' lang='lat' dir='ltr'><strong><em>qua:</em></strong></span> <span class='ocrx_word' id='word_1_800' title='bbox 2354 3804 2567 3864; x_wconf 83' lang='lat' dir='ltr'><strong><em>egerunt</em></strong></span> 
     </span>
    </p>
   </div>
   <div class='ocr_carea' id='block_1_129' title="bbox 2281 3863 3778 3938">
    <p class='ocr_par' dir='ltr' id='par_1_129' title="bbox 2281 3863 3778 3938">
     <span class='ocr_line' id='line_1_133' title="bbox 2281 3863 3778 3938; baseline 0.004 -21"><span class='ocrx_word' id='word_1_801' title='bbox 2281 3863 2415 3918; x_wconf 86' lang='lat' dir='ltr'><strong><em>Ibid.</em></strong></span> <span class='ocrx_word' id='word_1_802' title='bbox 2447 3873 2495 3917; x_wconf 90' lang='lat' dir='ltr'><strong><em>et</em></strong></span> <span class='ocrx_word' id='word_1_803' title='bbox 2521 3866 2672 3934; x_wconf 88' lang='lat' dir='ltr'><strong><em>quasi</em></strong></span> <span class='ocrx_word' id='word_1_804' title='bbox 2702 3865 3026 3936; x_wconf 89' lang='lat' dir='ltr'><strong><em>elongautes,</em></strong></span> <span class='ocrx_word' id='word_1_805' title='bbox 3049 3875 3159 3922; x_wconf 84' lang='lat' dir='ltr'><strong><em>etc.</em></strong></span> <span class='ocrx_word' id='word_1_806' title='bbox 3193 3864 3324 3923; x_wconf 84' lang='lat' dir='ltr'><strong><em>Mss.</em></strong></span> <span class='ocrx_word' id='word_1_807' title='bbox 3344 3869 3506 3938; x_wconf 79' lang='lat' dir='ltr'><strong><em>quasi</em></strong></span> <span class='ocrx_word' id='word_1_808' title='bbox 3532 3868 3778 3935; x_wconf 73' lang='lat' dir='ltr'><strong><em>elongau-</em></strong></span> 
     </span>
    </p>
   </div>
   <div class='ocr_carea' id='block_1_130' title="bbox 2210 3943 2437 3999">
    <p class='ocr_par' dir='ltr' id='par_1_130' title="bbox 2210 3943 2437 3999">
     <span class='ocr_line' id='line_1_134' title="bbox 2210 3943 2437 3999; baseline -0.009 -10"><span class='ocrx_word' id='word_1_809' title='bbox 2210 3943 2308 3999; x_wconf 84' lang='lat' dir='ltr'><strong><em>tes,</em></strong></span> <span class='ocrx_word' id='word_1_810' title='bbox 2331 3944 2437 3989; x_wconf 89' lang='lat' dir='ltr'><strong><em>etc.</em></strong></span> 
     </span>
    </p>
   </div>
   <div class='ocr_carea' id='block_1_131' title="bbox 2279 4004 3776 4073">
    <p class='ocr_par' dir='ltr' id='par_1_131' title="bbox 2279 4004 3776 4073">
     <span class='ocr_line' id='line_1_135' title="bbox 2279 4004 3776 4073; baseline 0.003 -16"><span class='ocrx_word' id='word_1_811' title='bbox 2279 4004 2414 4059; x_wconf 88' lang='lat' dir='ltr'><strong><em>Ibid.</em></strong></span> <span class='ocrx_word' id='word_1_812' title='bbox 2472 4013 2527 4057; x_wconf 92' lang='lat' dir='ltr'><strong><em>ut</em></strong></span> <span class='ocrx_word' id='word_1_813' title='bbox 2572 4005 2713 4057; x_wconf 89' lang='lat' dir='ltr'><strong><em>dicat</em></strong></span> <span class='ocrx_word' id='word_1_814' title='bbox 2745 4006 2813 4059; x_wconf 86' lang='lat' dir='ltr'><strong><em>ad</em></strong></span> <span class='ocrx_word' id='word_1_815' title='bbox 2851 4021 2981 4073; x_wconf 87' lang='lat' dir='ltr'><strong><em>nos,</em></strong></span> <span class='ocrx_word' id='word_1_816' title='bbox 3031 4017 3136 4062; x_wconf 86' lang='lat' dir='ltr'><strong><em>etc.</em></strong></span> <span class='ocrx_word' id='word_1_817' title='bbox 3186 4006 3316 4062; x_wconf 89' lang='lat' dir='ltr'><strong><em>Mss.</em></strong></span> <span class='ocrx_word' id='word_1_818' title='bbox 3367 4016 3425 4061; x_wconf 83' lang='lat' dir='ltr'><strong><em>ut</em></strong></span> <span class='ocrx_word' id='word_1_819' title='bbox 3462 4010 3776 4062; x_wconf 73' lang='lat' dir='ltr'><strong><em>dicaturad</em></strong></span> 
     </span>
    </p>
   </div>
   <div class='ocr_carea' id='block_1_132' title="bbox 2209 4084 2456 4140">
    <p class='ocr_par' dir='ltr' id='par_1_132' title="bbox 2209 4084 2456 4140">
     <span class='ocr_line' id='line_1_136' title="bbox 2209 4084 2456 4140; baseline 0.004 -12"><span class='ocrx_word' id='word_1_820' title='bbox 2209 4090 2325 4140; x_wconf 89' lang='lat' dir='ltr'><strong><em>nos,</em></strong></span> <span class='ocrx_word' id='word_1_821' title='bbox 2351 4084 2456 4129; x_wconf 76' lang='lat' dir='ltr'><strong><em>etc.</em></strong></span> 
     </span>
    </p>
   </div>
   <div class='ocr_carea' id='block_1_133' title="bbox 2277 4144 3699 4218">
    <p class='ocr_par' dir='ltr' id='par_1_133' title="bbox 2277 4144 3699 4218">
     <span class='ocr_line' id='line_1_137' title="bbox 2277 4144 3699 4218; baseline 0.004 -20"><span class='ocrx_word' id='word_1_822' title='bbox 2277 4144 2416 4218; x_wconf 80' lang='lat' dir='ltr'><strong><em>Ibid.</em></strong></span> <span class='ocrx_word' id='word_1_823' title='bbox 2443 4144 2648 4218; x_wconf 70' lang='lat' dir='ltr'><strong><em>etﬁunt</em></strong></span> <span class='ocrx_word' id='word_1_824' title='bbox 2674 4144 2776 4218; x_wconf 65' lang='lat' dir='ltr'><strong><em>[iiii</em></strong></span> <span class='ocrx_word' id='word_1_825' title='bbox 2801 4144 2935 4214; x_wconf 89' lang='lat' dir='ltr'><strong><em>ejus.</em></strong></span> <span class='ocrx_word' id='word_1_826' title='bbox 2958 4144 3091 4218; x_wconf 79' lang='lat' dir='ltr'><strong><em>Mss.</em></strong></span> <span class='ocrx_word' id='word_1_827' title='bbox 3123 4157 3173 4202; x_wconf 86' lang='lat' dir='ltr'><strong><em>ct</em></strong></span> <span class='ocrx_word' id='word_1_828' title='bbox 3199 4148 3333 4217; x_wconf 84' lang='lat' dir='ltr'><strong><em>fiunt</em></strong></span> <span class='ocrx_word' id='word_1_829' title='bbox 3367 4148 3539 4218; x_wconf 88' lang='lat' dir='ltr'><strong><em>angeli</em></strong></span> <span class='ocrx_word' id='word_1_830' title='bbox 3567 4147 3699 4217; x_wconf 78' lang='lat' dir='ltr'><strong><em>ejus.</em></strong></span> 
     </span>
    </p>
   </div>
   <div class='ocr_carea' id='block_1_134' title="bbox 2277 4214 3769 4287">
    <p class='ocr_par' dir='ltr' id='par_1_134' title="bbox 2277 4214 3769 4287">
     <span class='ocr_line' id='line_1_138' title="bbox 2277 4214 3769 4287; baseline 0.005 -18"><span class='ocrx_word' id='word_1_831' title='bbox 2277 4214 2407 4287; x_wconf 79' lang='lat' dir='ltr'><strong><em>Pag.</em></strong></span> <span class='ocrx_word' id='word_1_832' title='bbox 2442 4216 2567 4269; x_wconf 83' lang='lat'><strong><em>890.</em></strong></span> <span class='ocrx_word' id='word_1_833' title='bbox 2604 4214 2859 4284; x_wconf 80' lang='lat' dir='ltr'><strong><em>Infirmus</em></strong></span> <span class='ocrx_word' id='word_1_834' title='bbox 2887 4216 2988 4287; x_wconf 85' lang='lat' dir='ltr'><strong><em>fui,</em></strong></span> <span class='ocrx_word' id='word_1_835' title='bbox 3015 4218 3093 4270; x_wconf 88' lang='lat' dir='ltr'><strong><em>sic</em></strong></span> <span class='ocrx_word' id='word_1_836' title='bbox 3124 4230 3171 4272; x_wconf 92' lang='lat' dir='ltr'><strong><em>et</em></strong></span> <span class='ocrx_word' id='word_1_837' title='bbox 3200 4214 3257 4271; x_wconf 84' lang='lat' dir='ltr'><strong><em>in</em></strong></span> <span class='ocrx_word' id='word_1_838' title='bbox 3282 4214 3486 4273; x_wconf 73' lang='lat' dir='ltr'><strong><em>carcere</em></strong></span> <span class='ocrx_word' id='word_1_839' title='bbox 3512 4214 3610 4287; x_wconf 83' lang='lat' dir='ltr'><strong><em>fui.</em></strong></span> <span class='ocrx_word' id='word_1_840' title='bbox 3639 4219 3769 4278; x_wconf 84' lang='lat' dir='ltr'><strong><em>Mss.</em></strong></span> 
     </span>
    </p>
   </div>
   <div class='ocr_carea' id='block_1_135' title="bbox 2207 4283 2982 4356">
    <p class='ocr_par' dir='ltr' id='par_1_135' title="bbox 2207 4283 2982 4356">
     <span class='ocr_line' id='line_1_139' title="bbox 2207 4283 2982 4356; baseline -0.001 -16"><span class='ocrx_word' id='word_1_841' title='bbox 2207 4283 2539 4356; x_wconf 27' lang='lat' dir='ltr'><strong><em>Inﬁrmus‘et</em></strong></span> <span class='ocrx_word' id='word_1_842' title='bbox 2568 4287 2623 4338; x_wconf 90' lang='lat' dir='ltr'><strong><em>in</em></strong></span> <span class='ocrx_word' id='word_1_843' title='bbox 2649 4283 2856 4339; x_wconf 81' lang='lat' dir='ltr'><strong><em>carcere</em></strong></span> <span class='ocrx_word' id='word_1_844' title='bbox 2882 4283 2982 4355; x_wconf 84' lang='lat' dir='ltr'><strong><em>fui.</em></strong></span> 
     </span>
    </p>
   </div>
   <div class='ocr_carea' id='block_1_136' title="bbox 2275 4352 3770 4426">
    <p class='ocr_par' dir='ltr' id='par_1_136' title="bbox 2275 4352 3770 4426">
     <span class='ocr_line' id='line_1_140' title="bbox 2275 4352 3770 4426; baseline 0.005 -18"><span class='ocrx_word' id='word_1_845' title='bbox 2275 4352 2410 4409; x_wconf 86' lang='lat' dir='ltr'><strong><em>Ibid.</em></strong></span> <span class='ocrx_word' id='word_1_846' title='bbox 2466 4352 2609 4407; x_wconf 88' lang='lat' dir='ltr'><strong><em>Nam</em></strong></span> <span class='ocrx_word' id='word_1_847' title='bbox 2650 4352 2891 4426; x_wconf 52' lang='lat' dir='ltr'><strong><em>_ubusiue&#39;</em></strong></span> <span class='ocrx_word' id='word_1_848' title='bbox 2920 4357 3127 4426; x_wconf 87' lang='lat' dir='ltr'><strong><em>quidem</em></strong></span> <span class='ocrx_word' id='word_1_849' title='bbox 3181 4374 3367 4411; x_wconf 86' lang='lat' dir='ltr'><strong><em>nomen</em></strong></span> <span class='ocrx_word' id='word_1_850' title='bbox 3414 4359 3673 4413; x_wconf 85' lang='lat' dir='ltr'><strong><em>credentes</em></strong></span> <span class='ocrx_word' id='word_1_851' title='bbox 3714 4361 3770 4415; x_wconf 81' lang='lat' dir='ltr'><strong><em>in</em></strong></span> 
     </span>
    </p>
   </div>
   <div class='ocr_carea' id='block_1_137' title="bbox 2206 4423 3771 4497">
    <p class='ocr_par' dir='ltr' id='par_1_137' title="bbox 2206 4423 3771 4497">
     <span class='ocr_line' id='line_1_141' title="bbox 2206 4423 3771 4497; baseline 0.004 -17"><span class='ocrx_word' id='word_1_852' title='bbox 2206 4425 2453 4497; x_wconf 85' lang='lat' dir='ltr'><strong><em>Christo,</em></strong></span> <span class='ocrx_word' id='word_1_853' title='bbox 2493 4434 2615 4497; x_wconf 58' lang='lat' dir='ltr'><strong><em>etc.</em></strong></span> <span class='ocrx_word' id='word_1_854' title='bbox 2649 4423 2781 4479; x_wconf 86' lang='lat' dir='ltr'><strong><em>Mss.</em></strong></span> <span class='ocrx_word' id='word_1_855' title='bbox 2818 4423 2961 4479; x_wconf 82' lang='lat' dir='ltr'><strong><em>Nam</em></strong></span> <span class='ocrx_word' id='word_1_856' title='bbox 2997 4426 3209 4482; x_wconf 83' lang='lat' dir='ltr'><strong><em>abusive</em></strong></span> <span class='ocrx_word' id='word_1_857' title='bbox 3233 4428 3440 4497; x_wconf 87' lang='lat' dir='ltr'><strong><em>quidem</em></strong></span> <span class='ocrx_word' id='word_1_858' title='bbox 3468 4444 3640 4484; x_wconf 78' lang='lat' dir='ltr'><strong><em>omnes</em></strong></span> <span class='ocrx_word' id='word_1_859' title='bbox 3667 4446 3771 4486; x_wconf 71' lang='lat' dir='ltr'><strong><em>cm-</em></strong></span> 
     </span>
    </p>
   </div>
   <div class='ocr_carea' id='block_1_138' title="bbox 2204 4494 2851 4560">
    <p class='ocr_par' dir='ltr' id='par_1_138' title="bbox 2204 4494 2851 4560">
     <span class='ocr_line' id='line_1_142' title="bbox 2204 4494 2851 4560; baseline 0.002 -11"><span class='ocrx_word' id='word_1_860' title='bbox 2204 4497 2383 4549; x_wconf 76' lang='lat' dir='ltr'><strong><em>deutes</em></strong></span> <span class='ocrx_word' id='word_1_861' title='bbox 2406 4496 2459 4548; x_wconf 89' lang='lat' dir='ltr'><strong><em>in</em></strong></span> <span class='ocrx_word' id='word_1_862' title='bbox 2489 4494 2721 4560; x_wconf 73' lang='lat' dir='ltr'><strong><em>Christo,</em></strong></span> <span class='ocrx_word' id='word_1_863' title='bbox 2746 4505 2851 4550; x_wconf 92' lang='lat' dir='ltr'><strong><em>etc.</em></strong></span> 
     </span>
    </p>
   </div>
   <div class='ocr_carea' id='block_1_139' title="bbox 2276 4565 3765 4641">
    <p class='ocr_par' dir='ltr' id='par_1_139' title="bbox 2276 4565 3765 4641">
     <span class='ocr_line' id='line_1_143' title="bbox 2276 4565 3765 4641; baseline 0.005 -22"><span class='ocrx_word' id='word_1_864' title='bbox 2276 4566 2415 4641; x_wconf 65' lang='lat' dir='ltr'><strong><em>Ibid.</em></strong></span> <span class='ocrx_word' id='word_1_865' title='bbox 2459 4565 2753 4641; x_wconf 78' lang='lat' dir='ltr'><strong><em>discedente</em></strong></span> <span class='ocrx_word' id='word_1_866' title='bbox 2789 4566 2852 4618; x_wconf 90' lang='lat' dir='ltr'><strong><em>ab</em></strong></span> <span class='ocrx_word' id='word_1_867' title='bbox 2895 4582 2961 4641; x_wconf 78' lang='lat' dir='ltr'><strong><em>eo</em></strong></span> <span class='ocrx_word' id='word_1_868' title='bbox 2997 4567 3208 4641; x_wconf 88' lang='lat' dir='ltr'><strong><em>diabolo</em></strong></span> <span class='ocrx_word' id='word_1_869' title='bbox 3255 4585 3415 4638; x_wconf 86' lang='lat' dir='ltr'><strong><em>usque</em></strong></span> <span class='ocrx_word' id='word_1_870' title='bbox 3443 4570 3513 4623; x_wconf 88' lang='lat' dir='ltr'><strong><em>ad</em></strong></span> <span class='ocrx_word' id='word_1_871' title='bbox 3549 4582 3765 4641; x_wconf 78' lang='lat' dir='ltr'><strong><em>tempus.</em></strong></span> 
     </span>
    </p>
   </div>
   <div class='ocr_carea' id='block_1_140' title="bbox 2202 4634 3645 4709">
    <p class='ocr_par' dir='ltr' id='par_1_140' title="bbox 2202 4634 3645 4709">
     <span class='ocr_line' id='line_1_144' title="bbox 2202 4634 3645 4709; baseline 0.005 -20"><span class='ocrx_word' id='word_1_872' title='bbox 2202 4634 2343 4709; x_wconf 66' lang='lat' dir='ltr'><strong><em>Mss.</em></strong></span> <span class='ocrx_word' id='word_1_873' title='bbox 2361 4636 2659 4709; x_wconf 71' lang='lat' dir='ltr'><strong><em>discedente</em></strong></span> <span class='ocrx_word' id='word_1_874' title='bbox 2686 4634 2750 4688; x_wconf 89' lang='lat' dir='ltr'><strong><em>ab</em></strong></span> <span class='ocrx_word' id='word_1_875' title='bbox 2789 4651 2864 4709; x_wconf 82' lang='lat' dir='ltr'><strong><em>eo</em></strong></span> <span class='ocrx_word' id='word_1_876' title='bbox 2882 4638 3061 4706; x_wconf 81' lang='lat' dir='ltr'><strong><em>utique</em></strong></span> <span class='ocrx_word' id='word_1_877' title='bbox 3087 4640 3297 4709; x_wconf 86' lang='lat' dir='ltr'><strong><em>diabolo</em></strong></span> <span class='ocrx_word' id='word_1_878' title='bbox 3323 4634 3392 4692; x_wconf 85' lang='lat' dir='ltr'><strong><em>ad</em></strong></span> <span class='ocrx_word' id='word_1_879' title='bbox 3424 4650 3645 4709; x_wconf 80' lang='lat' dir='ltr'><strong><em>tempus.</em></strong></span> 
     </span>
    </p>
   </div>
   <div class='ocr_carea' id='block_1_141' title="bbox 2270 4706 3769 4780">
    <p class='ocr_par' dir='ltr' id='par_1_141' title="bbox 2270 4706 3769 4780">
     <span class='ocr_line' id='line_1_145' title="bbox 2270 4706 3769 4780; baseline 0.005 -22"><span class='ocrx_word' id='word_1_880' title='bbox 2270 4706 2404 4760; x_wconf 89' lang='lat' dir='ltr'><strong><em>Ibid.</em></strong></span> <span class='ocrx_word' id='word_1_881' title='bbox 2437 4715 2716 4775; x_wconf 85' lang='lat' dir='ltr'><strong><em>postquam</em></strong></span> <span class='ocrx_word' id='word_1_882' title='bbox 2743 4707 3062 4760; x_wconf 86' lang='lat' dir='ltr'><strong><em>traderetur.</em></strong></span> <span class='ocrx_word' id='word_1_883' title='bbox 3098 4708 3230 4763; x_wconf 86' lang='lat' dir='ltr'><strong><em>Mss.</em></strong></span> <span class='ocrx_word' id='word_1_884' title='bbox 3261 4706 3565 4780; x_wconf 83' lang='lat' dir='ltr'><strong><em>priusquam</em></strong></span> <span class='ocrx_word' id='word_1_885' title='bbox 3596 4714 3769 4766; x_wconf 83' lang='lat' dir='ltr'><strong><em>trade-</em></strong></span> 
     </span>
    </p>
   </div>
   <div class='ocr_carea' id='block_1_142' title="bbox 2199 4785 2362 4831">
    <p class='ocr_par' dir='ltr' id='par_1_142' title="bbox 2199 4785 2362 4831">
     <span class='ocr_line' id='line_1_146' title="bbox 2199 4785 2362 4831; baseline 0.012 -2"><span class='ocrx_word' id='word_1_886' title='bbox 2199 4785 2362 4831; x_wconf 90' lang='lat' dir='ltr'><strong><em>retur.</em></strong></span> 
     </span>
    </p>
   </div>
   <div class='ocr_carea' id='block_1_143' title="bbox 2266 4845 3761 4919">
    <p class='ocr_par' dir='ltr' id='par_1_143' title="bbox 2266 4845 3761 4919">
     <span class='ocr_line' id='line_1_147' title="bbox 2266 4845 3761 4919; baseline 0.003 -19"><span class='ocrx_word' id='word_1_887' title='bbox 2266 4845 2394 4919; x_wconf 76' lang='lat' dir='ltr'><strong><em>_Pag.</em></strong></span> <span class='ocrx_word' id='word_1_888' title='bbox 2428 4845 2553 4904; x_wconf 79' lang='lat' dir='ltr'><strong><em>89L</em></strong></span> <span class='ocrx_word' id='word_1_889' title='bbox 2591 4847 2726 4901; x_wconf 90' lang='lat' dir='ltr'><strong><em>sicut</em></strong></span> <span class='ocrx_word' id='word_1_890' title='bbox 2757 4846 3159 4903; x_wconf 85' lang='lat' dir='ltr'><strong><em>arbitrabantur</em></strong></span> <span class='ocrx_word' id='word_1_891' title='bbox 3182 4849 3422 4919; x_wconf 88' lang='lat' dir='ltr'><strong><em>quidam.</em></strong></span> <span class='ocrx_word' id='word_1_892' title='bbox 3469 4848 3600 4905; x_wconf 85' lang='lat' dir='ltr'><strong><em>Mss.</em></strong></span> <span class='ocrx_word' id='word_1_893' title='bbox 3630 4852 3761 4905; x_wconf 90' lang='lat' dir='ltr'><strong><em>sicut</em></strong></span> 
     </span>
    </p>
   </div>
   <div class='ocr_carea' id='block_1_144' title="bbox 2195 4917 2790 4988">
    <p class='ocr_par' dir='ltr' id='par_1_144' title="bbox 2195 4917 2790 4988">
     <span class='ocr_line' id='line_1_148' title="bbox 2195 4917 2790 4988; baseline 0.005 -20"><span class='ocrx_word' id='word_1_894' title='bbox 2195 4917 2525 4988; x_wconf 87' lang='lat' dir='ltr'><strong><em>arbitrantur</em></strong></span> <span class='ocrx_word' id='word_1_895' title='bbox 2552 4919 2790 4988; x_wconf 84' lang='lat' dir='ltr'><strong><em>quidam.</em></strong></span> 
     </span>
    </p>
   </div>
   <div class='ocr_carea' id='block_1_145' title="bbox 2264 4987 3763 5059">
    <p class='ocr_par' dir='ltr' id='par_1_145' title="bbox 2264 4987 3763 5059">
     <span class='ocr_line' id='line_1_149' title="bbox 2264 4987 3763 5059; baseline 0.005 -20"><span class='ocrx_word' id='word_1_896' title='bbox 2264 4987 2399 5042; x_wconf 90' lang='lat' dir='ltr'><strong><em>Ibid.</em></strong></span> <span class='ocrx_word' id='word_1_897' title='bbox 2435 4987 2569 5042; x_wconf 87' lang='lat' dir='ltr'><strong><em>illud</em></strong></span> <span class='ocrx_word' id='word_1_898' title='bbox 2600 4989 2841 5041; x_wconf 85' lang='lat' dir='ltr'><strong><em>succidat</em></strong></span> <span class='ocrx_word' id='word_1_899' title='bbox 2864 4989 3167 5059; x_wconf 83' lang='lat' dir='ltr'><strong><em>antiquum.</em></strong></span> <span class='ocrx_word' id='word_1_900' title='bbox 3202 4987 3333 5044; x_wconf 89' lang='lat' dir='ltr'><strong><em>Mss.</em></strong></span> <span class='ocrx_word' id='word_1_901' title='bbox 3362 4990 3501 5044; x_wconf 84' lang='lat' dir='ltr'><strong><em>illud</em></strong></span> <span class='ocrx_word' id='word_1_902' title='bbox 3520 4990 3763 5046; x_wconf 79' lang='lat' dir='ltr'><strong><em>succida-</em></strong></span> 
     </span>
    </p>
   </div>
   <div class='ocr_carea' id='block_1_146' title="bbox 2193 5060 2607 5127">
    <p class='ocr_par' dir='ltr' id='par_1_146' title="bbox 2193 5060 2607 5127">
     <span class='ocr_line' id='line_1_150' title="bbox 2193 5060 2607 5127; baseline 0.017 -19"><span class='ocrx_word' id='word_1_903' title='bbox 2193 5064 2282 5109; x_wconf 84' lang='lat' dir='ltr'><strong><em>tur</em></strong></span> <span class='ocrx_word' id='word_1_904' title='bbox 2310 5060 2607 5127; x_wconf 86' lang='lat' dir='ltr'><strong><em>antiquum.</em></strong></span> 
     </span>
    </p>
   </div>
   <div class='ocr_carea' id='block_1_147' title="bbox 2186 5125 3759 5248">
    <p class='ocr_par' dir='ltr' id='par_1_147' title="bbox 2186 5125 3759 5248">
     <span class='ocr_line' id='line_1_151' title="bbox 2186 5125 3759 5248; baseline 0.003 -68"><span class='ocrx_word' id='word_1_905' title='bbox 2186 5195 2227 5248; x_wconf 39' lang='grc' dir='ltr'><em>ι.</em></span> <span class='ocrx_word' id='word_1_906' title='bbox 2264 5127 2395 5182; x_wconf 89' lang='lat' dir='ltr'><strong><em>Ibid.</em></strong></span> <span class='ocrx_word' id='word_1_907' title='bbox 2438 5125 2583 5198; x_wconf 81' lang='lat' dir='ltr'><strong><em>quod</em></strong></span> <span class='ocrx_word' id='word_1_908' title='bbox 2633 5129 2787 5182; x_wconf 87' lang='lat' dir='ltr'><strong><em>unico</em></strong></span> <span class='ocrx_word' id='word_1_909' title='bbox 2836 5125 3016 5197; x_wconf 79' lang='lat' dir='ltr'><strong><em>Filio,</em></strong></span> <span class='ocrx_word' id='word_1_910' title='bbox 3047 5139 3153 5185; x_wconf 87' lang='lat' dir='ltr'><strong><em>etc.</em></strong></span> <span class='ocrx_word' id='word_1_911' title='bbox 3201 5128 3332 5186; x_wconf 87' lang='lat' dir='ltr'><strong><em>Mss.</em></strong></span> <span class='ocrx_word' id='word_1_912' title='bbox 3363 5132 3455 5202; x_wconf 86' lang='lat' dir='ltr'><strong><em>qui</em></strong></span> <span class='ocrx_word' id='word_1_913' title='bbox 3477 5130 3629 5184; x_wconf 88' lang='lat' dir='ltr'><strong><em>unico</em></strong></span> <span class='ocrx_word' id='word_1_914' title='bbox 3664 5128 3759 5184; x_wconf 80' lang='lat' dir='ltr'><strong><em>Fi-</em></strong></span> 
     </span>
     <span class='ocr_line' id='line_1_152' title="bbox 2211 5207 2422 5248; baseline 0 0"><span class='ocrx_word' id='word_1_915' title='bbox 2211 5213 2279 5248; x_wconf 85' lang='lat' dir='ltr'><strong><em>to.</em></strong></span> <span class='ocrx_word' id='word_1_916' title='bbox 2315 5207 2422 5248; x_wconf 85' lang='lat' dir='ltr'><strong><em>etc.</em></strong></span> 
     </span>
    </p>
   </div>
   <div class='ocr_carea' id='block_1_148' title="bbox 2211 5207 2422 5258">
    <p class='ocr_par' dir='ltr' id='par_1_148' title="bbox 2211 5207 2422 5258">
     <span class='ocr_line' id='line_1_153' title="bbox 2211 5207 2422 5258; baseline 0.005 -8"><span class='ocrx_word' id='word_1_917' title='bbox 2211 5213 2280 5258; x_wconf 68' lang='lat'><strong><em>80,</em></strong></span> <span class='ocrx_word' id='word_1_918' title='bbox 2315 5207 2422 5252; x_wconf 69' lang='lat' dir='ltr'><strong><em>CIC.</em></strong></span> 
     </span>
    </p>
   </div>
   <div class='ocr_carea' id='block_1_149' title="bbox 2260 5266 3755 5344">
    <p class='ocr_par' dir='ltr' id='par_1_149' title="bbox 2260 5266 3755 5344">
     <span class='ocr_line' id='line_1_154' title="bbox 2260 5266 3755 5344; baseline 0.004 -25"><span class='ocrx_word' id='word_1_919' title='bbox 2260 5266 2393 5322; x_wconf 90' lang='lat' dir='ltr'><strong><em>Ibid.</em></strong></span> <span class='ocrx_word' id='word_1_920' title='bbox 2444 5280 2620 5339; x_wconf 89' lang='lat' dir='ltr'><strong><em>egerat</em></strong></span> <span class='ocrx_word' id='word_1_921' title='bbox 2672 5268 3029 5339; x_wconf 84' lang='lat' dir='ltr'><strong><em>fundatorem.</em></strong></span> <span class='ocrx_word' id='word_1_922' title='bbox 3099 5271 3229 5327; x_wconf 86' lang='lat' dir='ltr'><strong><em>Mss.</em></strong></span> <span class='ocrx_word' id='word_1_923' title='bbox 3276 5283 3453 5344; x_wconf 76' lang='lat' dir='ltr'><strong><em>egerat</em></strong></span> <span class='ocrx_word' id='word_1_924' title='bbox 3508 5270 3755 5327; x_wconf 72' lang='lat' dir='ltr'><strong><em>Salvato-</em></strong></span> 
     </span>
    </p>
   </div>
   <div class='ocr_carea' id='block_1_150' title="bbox 2187 5353 2314 5391">
    <p class='ocr_par' dir='ltr' id='par_1_150' title="bbox 2187 5353 2314 5391">
     <span class='ocr_line' id='line_1_155' title="bbox 2187 5353 2314 5391; baseline 0.016 -2"><span class='ocrx_word' id='word_1_925' title='bbox 2187 5353 2240 5391; x_wconf 89' lang='lat' dir='ltr'><strong><em>re</em></strong></span> <span class='ocrx_word' id='word_1_926' title='bbox 2245 5354 2292 5389; x_wconf 88' lang='lat' dir='ltr'><strong><em>m</em></strong></span> <span class='ocrx_word' id='word_1_927' title='bbox 2302 5378 2314 5391; x_wconf 86' lang='lat'><strong><em>.</em></strong></span> 
     </span>
    </p>
   </div>
   <div class='ocr_carea' id='block_1_151' title="bbox 2257 5406 3333 5481">
    <p class='ocr_par' dir='ltr' id='par_1_151' title="bbox 2257 5406 3333 5481">
     <span class='ocr_line' id='line_1_156' title="bbox 2257 5406 3333 5481; baseline 0.007 -21"><span class='ocrx_word' id='word_1_928' title='bbox 2257 5406 2391 5462; x_wconf 89' lang='lat' dir='ltr'><strong><em>Ibid.</em></strong></span> <span class='ocrx_word' id='word_1_929' title='bbox 2424 5417 2477 5481; x_wconf 79' lang='lat' dir='ltr'><strong><em>et</em></strong></span> <span class='ocrx_word' id='word_1_930' title='bbox 2502 5408 2789 5481; x_wconf 83' lang='lat' dir='ltr'><strong><em>audientis.</em></strong></span> <span class='ocrx_word' id='word_1_931' title='bbox 2826 5410 2984 5481; x_wconf 77' lang='lat' dir='ltr'><strong><em>Lege,</em></strong></span> <span class='ocrx_word' id='word_1_932' title='bbox 3011 5424 3059 5465; x_wconf 87' lang='lat' dir='ltr'><strong><em>et</em></strong></span> <span class='ocrx_word' id='word_1_933' title='bbox 3087 5414 3333 5468; x_wconf 86' lang='lat' dir='ltr'><strong><em>odientis.</em></strong></span> 
     </span>
    </p>
   </div>
   <div class='ocr_carea' id='block_1_152' title="bbox 2254 5478 3750 5550">
    <p class='ocr_par' dir='ltr' id='par_1_152' title="bbox 2254 5478 3750 5550">
     <span class='ocr_line' id='line_1_157' title="bbox 2254 5478 3750 5550; baseline 0.007 -21"><span class='ocrx_word' id='word_1_934' title='bbox 2254 5481 2396 5550; x_wconf 64' lang='lat' dir='ltr'><strong><em>I’ng.</em></strong></span> <span class='ocrx_word' id='word_1_935' title='bbox 2418 5478 2541 5550; x_wconf 69' lang='lat'><strong>892.</strong></span> <span class='ocrx_word' id='word_1_936' title='bbox 2581 5479 2743 5532; x_wconf 84' lang='lat' dir='ltr'><strong><em>habeo</em></strong></span> <span class='ocrx_word' id='word_1_937' title='bbox 2774 5478 3021 5550; x_wconf 76' lang='grc' dir='ltr'><em>ιιιιὲάίἱοὶ</em></span> <span class='ocrx_word' id='word_1_938' title='bbox 3053 5482 3244 5538; x_wconf 88' lang='lat' dir='ltr'><strong><em>dicere.</em></strong></span> <span class='ocrx_word' id='word_1_939' title='bbox 3275 5483 3406 5539; x_wconf 80' lang='lat' dir='ltr'><strong><em>Mss.</em></strong></span> <span class='ocrx_word' id='word_1_940' title='bbox 3445 5482 3608 5535; x_wconf 83' lang='lat' dir='ltr'><strong><em>habeo</em></strong></span> <span class='ocrx_word' id='word_1_941' title='bbox 3641 5480 3750 5538; x_wconf 54' lang='lat' dir='ltr'><strong><em>ali-</em></strong></span> 
     </span>
    </p>
   </div>
   <div class='ocr_carea' id='block_1_153' title="bbox 2182 5548 2647 5617">
    <p class='ocr_par' dir='ltr' id='par_1_153' title="bbox 2182 5548 2647 5617">
     <span class='ocr_line' id='line_1_158' title="bbox 2182 5548 2647 5617; baseline 0.011 -19"><span class='ocrx_word' id='word_1_942' title='bbox 2182 5548 2308 5617; x_wconf 89' lang='lat' dir='ltr'><strong><em>quid</em></strong></span> <span class='ocrx_word' id='word_1_943' title='bbox 2335 5548 2431 5600; x_wconf 89' lang='lat' dir='ltr'><strong><em>tibi</em></strong></span> <span class='ocrx_word' id='word_1_944' title='bbox 2455 5550 2647 5603; x_wconf 87' lang='lat' dir='ltr'><strong><em>dicere.</em></strong></span> 
     </span>
    </p>
   </div>
   <div class='ocr_carea' id='block_1_154' title="bbox 2253 5616 3751 5689">
    <p class='ocr_par' dir='ltr' id='par_1_154' title="bbox 2253 5616 3751 5689">
     <span class='ocr_line' id='line_1_159' title="bbox 2253 5616 3751 5689; baseline 0.006 -20"><span class='ocrx_word' id='word_1_945' title='bbox 2253 5616 2386 5671; x_wconf 87' lang='lat' dir='ltr'><strong><em>Ibid.</em></strong></span> <span class='ocrx_word' id='word_1_946' title='bbox 2422 5628 2470 5671; x_wconf 85' lang='lat' dir='ltr'><strong><em>et</em></strong></span> <span class='ocrx_word' id='word_1_947' title='bbox 2501 5619 2745 5688; x_wconf 85' lang='lat' dir='ltr'><strong><em>cognatio</em></strong></span> <span class='ocrx_word' id='word_1_948' title='bbox 2789 5622 3032 5689; x_wconf 65' lang='lat' dir='ltr'><strong><em>quaedam</em></strong></span> <span class='ocrx_word' id='word_1_949' title='bbox 3064 5623 3127 5676; x_wconf 86' lang='lat' dir='ltr'><strong><em>de</em></strong></span> <span class='ocrx_word' id='word_1_950' title='bbox 3155 5622 3390 5679; x_wconf 86' lang='lat' dir='ltr'><strong><em>muliere.</em></strong></span> <span class='ocrx_word' id='word_1_951' title='bbox 3424 5621 3554 5679; x_wconf 85' lang='lat' dir='ltr'><strong><em>Mss.</em></strong></span> <span class='ocrx_word' id='word_1_952' title='bbox 3584 5629 3632 5674; x_wconf 83' lang='lat' dir='ltr'><strong><em>et</em></strong></span> <span class='ocrx_word' id='word_1_953' title='bbox 3658 5636 3751 5677; x_wconf 81' lang='lat' dir='ltr'><strong><em>co-</em></strong></span> 
     </span>
    </p>
   </div>
   <div class='ocr_carea' id='block_1_155' title="bbox 2177 5689 3217 5757">
    <p class='ocr_par' dir='ltr' id='par_1_155' title="bbox 2177 5689 3217 5757">
     <span class='ocr_line' id='line_1_160' title="bbox 2177 5689 3217 5757; baseline 0.005 -18"><span class='ocrx_word' id='word_1_954' title='bbox 2177 5689 2360 5757; x_wconf 88' lang='lat' dir='ltr'><strong><em>gnatio</em></strong></span> <span class='ocrx_word' id='word_1_955' title='bbox 2392 5690 2637 5757; x_wconf 70' lang='lat' dir='ltr'><strong><em>qua’dam</em></strong></span> <span class='ocrx_word' id='word_1_956' title='bbox 2665 5689 2869 5745; x_wconf 80' lang='lat' dir='ltr'><strong><em>tidetur</em></strong></span> <span class='ocrx_word' id='word_1_957' title='bbox 2894 5693 2958 5746; x_wconf 87' lang='lat' dir='ltr'><strong><em>de</em></strong></span> <span class='ocrx_word' id='word_1_958' title='bbox 2985 5694 3217 5746; x_wconf 85' lang='lat' dir='ltr'><strong><em>muliere.</em></strong></span> 
     </span>
    </p>
   </div>
   <div class='ocr_carea' id='block_1_156' title="bbox 2252 5756 3761 5832">
    <p class='ocr_par' dir='ltr' id='par_1_156' title="bbox 2252 5756 3761 5832">
     <span class='ocr_line' id='line_1_161' title="bbox 2252 5756 3761 5832; baseline 0.011 -23"><span class='ocrx_word' id='word_1_959' title='bbox 2252 5756 2381 5813; x_wconf 91' lang='lat' dir='ltr'><strong><em>Ibid.</em></strong></span> <span class='ocrx_word' id='word_1_960' title='bbox 2406 5756 2474 5811; x_wconf 13' lang='lat' dir='ltr'><strong><em>isi</em></strong></span> <span class='ocrx_word' id='word_1_961' title='bbox 2518 5759 2695 5815; x_wconf 82' lang='lat' dir='ltr'><strong><em>Maria</em></strong></span> <span class='ocrx_word' id='word_1_962' title='bbox 2741 5762 2856 5831; x_wconf 87' lang='lat' dir='ltr'><strong><em>ipsa</em></strong></span> <span class='ocrx_word' id='word_1_963' title='bbox 2890 5774 3038 5832; x_wconf 88' lang='lat' dir='ltr'><strong><em>erat,</em></strong></span> <span class='ocrx_word' id='word_1_964' title='bbox 3078 5772 3178 5818; x_wconf 89' lang='lat' dir='ltr'><strong><em>etc.</em></strong></span> <span class='ocrx_word' id='word_1_965' title='bbox 3228 5761 3358 5820; x_wconf 89' lang='lat' dir='ltr'><strong><em>Mss.</em></strong></span> <span class='ocrx_word' id='word_1_966' title='bbox 3386 5764 3434 5818; x_wconf 85' lang='lat' dir='ltr'><strong><em>si</em></strong></span> <span class='ocrx_word' id='word_1_967' title='bbox 3462 5760 3638 5818; x_wconf 74' lang='lat' dir='ltr'><strong><em>Maria</em></strong></span> <span class='ocrx_word' id='word_1_968' title='bbox 3675 5767 3761 5825; x_wconf 85' lang='lat' dir='ltr'><strong><em>hic</em></strong></span> 
     </span>
    </p>
   </div>
   <div class='ocr_carea' id='block_1_157' title="bbox 2177 5830 2587 5899">
    <p class='ocr_par' dir='ltr' id='par_1_157' title="bbox 2177 5830 2587 5899">
     <span class='ocr_line' id='line_1_162' title="bbox 2177 5830 2587 5899; baseline 0.007 -18"><span class='ocrx_word' id='word_1_969' title='bbox 2177 5830 2290 5899; x_wconf 83' lang='lat' dir='ltr'><strong><em>ipsa</em></strong></span> <span class='ocrx_word' id='word_1_970' title='bbox 2316 5841 2452 5891; x_wconf 82' lang='lat' dir='ltr'><strong><em>erat,</em></strong></span> <span class='ocrx_word' id='word_1_971' title='bbox 2483 5839 2587 5885; x_wconf 86' lang='lat' dir='ltr'><strong><em>ctc.</em></strong></span> 
     </span>
    </p>
   </div>
  </div>
