4084 6302
346 351 504 413 1911·

417 464 547 538 Pag.
576 464 990 538 9I0._Videbitis
1012 466 1275 521 sedentem
1297 466 1669 538 :_simplicibus
1688 466 1921 538 quidem,

342 545 449 590 etc.
495 534 625 592 Mss.
689 535 944 595 Videbitis
988 538 1271 592 sedentem.
1314 535 1385 591 Et
1435 534 1762 608 simplicibus
1801 537 1921 609 qui-

343 609 717 747 αἴδετῗῖιὲ
767 676 836 731 Et
878 678 1015 732 hanc
1056 677 1419 747 laudationem
1467 676 1709 732 νδάεθυηί
1735 678 1918 747 “iam

340 754 451 871 Litt.
483 746 641 871 Mss;c
666 745 734 800 Et
762 748 915 802 hanc.
944 745 1309 818 laudationem
1338 746 1629 819 aliquando
1672 746 1919 803 videbunt

397 832 587 881 tam;.e
647 856 661 871 .

414 885 547 941 Ibid.
578 887 918 957 quarendum
946 897 1023 942 est
1052 889 1099 943 si
1135 904 1200 943 ea:
1225 888 1322 941 hoc
1350 886 1461 942 Itth
1486 902 1604 957 qua
1628 886 1768 941 dixit
1795 886 1921 942 Sat-
1969 897 1989 915 η

345 966 532 1028 valor,
561 964 669 1012 etc.
701 955 832 1013 Mss.
866 958 1201 1028 quwrendnm
1230 967 1307 1012 est
1350 958 1397 1011 si
1419 955 1609 1028 ecquo
1641 957 1752 1012 haec
1782 959 1918 1011 dixit

345 1026 616 1089 Salvator,
646 1036 752 1082 etc.

416 1095 550 1151 Ibid.
599 1095 656 1149 id
684 1106 813 1159 'est,
841 1106 1077 1165 tempore
1100 1097 1530 1165 dispensationis,
1560 1106 1667 1153 etc.
1698 1094 1831 1152 Mss.
1863 1098 1919 1151 id

343 1174 443 1235 est.
474 1183 506 1219 a
530 1176 757 1235 tempore
783 1168 1217 1235 dispensationis.
1245 1178 1350 1223 etc.

414 1234 549 1291 Ibid.
599 1234 736 1305 quod
781 1234 1108 1309 demonstrat
1134 1238 1393 1308 parabola
1415 1279 1431 1306 ,
1462 1246 1568 1293 etc.
1614 1235 1746 1294 Mss.
1778 1238 1919 1309 quod

341 1305 739 1375 demonstratur
763 1306 1045 1375 parabola,
1072 1305 1176 1364 etc.

415 1373 551 1449 Ibid.
607 1373 1045 1449 Inimicus-enim
1093 1388 1206 1433 erat
1249 1388 1298 1433 et
1329 1377 1597 1449 Caiphas,
1627 1389 1731 1434 etc.
1783 1376 1914 1433 Mss.

342 1444 607 1515 omittunt
628 1455 677 1499 et
700 1454 827 1500 ante
853 1445 1108 1515 Caiphas.

410 1512 548 1570 Ibid.
577 1512 796 1590 Siquas
825 1512 1092 1573 autem....
1122 1519 1230 1588 ipse
1257 1519 1377 1574 scit.
1408 1517 1539 1574 Mss.
1582 1517 1643 1574 Si
1671 1519 1787 1590 quis
1820 1535 1911 1572 au-

575 1586 685 1655 ipse
708 1585 868 1640 sciat.

411 1651 548 1730 Ibid.
576 1651 731 1727 quasi
766 1665 1005 1730 nouerat
1025 1660 1347 1729 propinquus
1369 1669 1448 1725 ut,
1474 1669 1577 1715 etc.
1606 1658 1737 1714 Mss.
1764 1662 1919 1730 quasi
1940 1710 1947 1713 _

339 1724 563 1796 quinon
587 1724 703 1796 erat
727 1724 1050 1796 propinquus
1081 1724 1159 1792 ut,
1194 1724 1302 1784 etc.

411 1791 545 1848 Ibid.
572 1811 606 1849 a
633 1791 839 1849 dextris
878 1791 1091 1852 virtutis
1126 1791 1241 1852 Dei.
1281 1796 1415 1853 Mss.
1470 1798 1726 1856 mnittunt
1751 1800 1877 1855 'Dei.

375 1859 546 1987 tibi}.
578 1874 627 1987 e‘t
651 1881 753 1919 non
781 1875 895 1919 erat
921 1868 1011 1935 qui
1038 1868 1293 1926 obediret.
1324 1868 1453 1923 Mss.
1483 1879 1529 1922 et
1562 1886 1664 1922 non
1693 1880 1806 1924 erat
1828 1872 1919 1940 qui

408 1949 478 1987 au
519 1950 595 1989 tre
622 1974 637 1989 .

339 1949 637 1989 oeauatret.

340 2071 355 2077 _
411 2001 542 2073 Pag.
577 2004 705 2060 912.
741 2005 957 2077 vocavi.»
973 2014 1022 2058 et
1065 2024 1167 2061 non
1210 2017 1324 2063 erat
1364 2009 1454 2077 qui
1500 2007 1752 2064 obcdiret.
1786 2007 1916 2064 Mss.

339 2071 564 2149 Iterum,
589 2075 788 2138 vocavi,
820 2086 872 2130 et
897 2092 1001 2128 non
1020 2087 1145 2149 erat
1172 2080 1262 2149 qui
1289 2071 1587 2149 obdudiret.

411 2143 548 2220 Ibid.
599 2153 651 2200 et
694 2160 847 2215 opere
871 2161 968 2199 suo
995 2143 1212 2215 docuit',
1243 2158 1350 2203 etc.
1382 2147 1514 2203 Mss.
1550 2158 1600 2202 et
1625 2165 1777 2220 opere
1811 2149 1958 2217 ipso»

337 2211 547 2278 docuit,
579 2223 690 2269 etc.

376 2349 389 2362 _
410 2281 544 2337 Ibid.
577 2284 993 2341 calceamentum
1011 2302 1197 2352 unum,
1220 2295 1326 2342 etc.
1356 2285 1481 2343 Mss.
1507 2288 1921 2344 calceamentunt

339 2365 453 2419 ejus
484 2368 667 2419 unum,
701 2364 807 2410 etc.

379 2488 391 2502 .
411 2419 544 2502 Ibid.
590 2425 717 2502 quia
750 2441 852 2480 non
883 2426 1001 2479 novi
1037 2426 1321 2480 hominem.
1376 2425 1506 2483 Mss.
1538 2426 1665 2498 quia
1696 2446 1797 2483 non
1827 2447 1930 2484 tto-*7

339 2492 497 2543 visset
522 2492 800 2550 hominem.

569 2564 905 2635 amarissime
927 2565 1090 2635 ﬂevit.
1118 2564 1246 2622 Mss.
1272 2567 1605 2621 amarissinte
1632 2568 1891 2634 ploravit.~

369 2700 381 2712 _
410 2630 545 2686 Ibid.
576 2632 721 2687 Petri
747 2630 1179 2705 negotiationem,
1220 2646 1325 2692 etc.
1361 2635 1524 2708 Lege,
1568 2630 1713 2693 Petri
1760 2656 1922 2710 nega-

338 2709 552 2763 tionem,
582 2712 686 2758 etc.

410 2771 547 2825 Ibid.
578 2775 971 2828 excusationem
1002 2774 1170 2829 ullam
1210 2775 1485 2831 habemus.
1530 2774 1658 2832 Mss.
1692 2794 1920 2832 excusa-

337 2838 533 2895 tionem
566 2842 766 2897 nullam
798 2844 1124 2899 habebimus.

409 2908 536 2980 Pag.
563 2912 685 2993 9|
716 2913 991 2979 Quomodo
1020 2932 1082 2970 ne
1108 2916 1330 2985 putatis,
1356 2923 1461 2972 etc.
1490 2913 1622 2972 Mss.
1649 2916 1919 2982 Quomodo

339 2993 444 3049 non
471 2993 693 3049 putatts,
720 2994 826 3037 etc.

409 3048 546 3123 Ibid.
587 3054 724 3106 unde
753 3054 1079 3123 sanctificati
1117 3063 1390 3122 sunt,'etc.
1422 3054 1554 3111 Mss.
1588 3056 1724 3110 unde
1747 3059 1921 3112 sancti

336 3122 658 3189 sancti/icati
686 3137 805 3176 sunt
817 3162 830 3186 ,
862 3122 967 3178 etc.

563 3191 831 3264 denegavit
854 3195 992 3263 quis.
1017 3203 1123 3249 etc.
1148 3193 1277 3248 Mss.
1296 3195 1625 3264 denegaverit
1653 3196 1792 3264 quis.
1811 3209 1915 3251 ctc.
1942 3246 1952 3250 -

409 3257 546 3334 Ibid.
573 3257 845 3332 denegavit
865 3257 989 3331 'quts
1119 3264 1361 3334 renovari
1386 3257 1446 3316 in
1470 3257 1918 3334 pwttilentia,etc.

338 3326 481 3402 Mss.
497 3326 826 3402 denegaverit
848 3326 966 3402 quis
1073 3333 1313 3388 renovari
1335 3334 1391 3387 in
1412 3326 1794 3400 ptenitentiam,
1812 3347 1918 3390 etc.

410 3397 549 3474 Ibid.
581 3397 647 3455 Et
678 3403 724 3457 si
765 3397 1367 3474 Christuntaliquando
1393 3397 1680 3474 secundum
1711 3397 1922 3458 carnem

336 3472 716 3544 cognorimus:
748 3473 872 3544 sed,
900 3481 1005 3527 etc.
1043 3471 1173 3544 Mss.
1211 3471 1280 3525 Et
1322 3473 1370 3523 si
1410 3472 1682 3527 Christum
1726 3491 1923 3544 cogno-

336 3542 505 3662 viztus
551 3540 877 3611 aliquando,
928 3542 1212 3594 secundum
1258 3556 1473 3593 carnem
1521 3540 1855 3610 cognovimus
1900 3557 1922 3596 :

338 3625 363 3661 s
435 3648 452 3662 .
479 3617 585 3662 etc.

338 3617 452 3663 sed.
479 3617 585 3663 etc.

408 3648 802 3748 Lingelus
829 3675 948 3740 Dei,
981 3686 1087 3732 etc.
1123 3676 1253 3733 Mss.
1286 3677 1515 3748 Angelus
1540 3680 1669 3743 diei,
1693 3687 1819 3733 etc-

408 3742 543 3800 Ibid.
577 3742 882 3801 recordatus
912 3758 990 3817 est
1032 3747 1305 3802 verborum
1342 3742 1493 3817 Iesu,
1528 3760 1631 3807 etc.
1660 3742 1803 3807 Mss.
1842 3766 1925 3803 re-

337 3817 586 3870 cordatus
618 3827 693 3869 est
722 3817 930 3869 verbum
956 3816 1107 3882 .Iesu,
1132 3828 1237 3872 etc.

410 3885 540 3957 Pag.
728 3884 879 3960 Sicut
925 3888 1064 3960 enim
1105 3890 1359 3958 scriptum
1399 3898 1519 3944 est:
1548 3887 1804 3960 Egressus
1837 3888 1920 3958 fo-

343 3973 451 4022 ras,
476 3956 580 4012 etc.
613 3956 742 4011 Mss.
778 3956 868 4011 Sic
910 3959 1049 4012 enim
1079 3956 1335 4028 scriptum
1376 3974 1461 4014 est.
1483 3975 1502 4014 :
1550 3956 1805 4031 Egressus
1838 3956 1921 4029 Ῑυρ

341 4043 452 4089 ηδ,
479 4036 585 4082 εις.

412 4095 543 4168 Ibid.
572 4104 624 4168 et
640 4105 797 4168 nocte
823 4096 1061 4167 offendit.
1088 4095 1246 4168 Lege,
1270 4106 1319 4151 et
1345 4099 1403 4152 in
1428 4109 1574 4154 nocte
1599 4098 1838 4168 offendit.

413 4166 550 4221 Ibid.
602 4166 717 4221 Hoc
747 4178 923 4222 autent
959 4166 1216 4235 diximus,
1258 4179 1362 4223 etc.
1405 4169 1534 4225 Mss.
1578 4166 1704 4223 11ἀέ
1741 4179 1938 4224 autem.

341 4235 600 4302 divinius,
629 4249 734 4292 etc.

414 4306 548 4361 Ibid.
572 4323 691 4379 quat
720 4324 824 4361 non
853 4317 1058 4377 poterat
1093 4324 1302 4362 sursum
1331 4311 1561 4379 aspicere
1582 4310 1752 4379 prius.
1784 4307 1914 4364 Mss.

339 4393 458 4449 qut:
478 4393 592 4449 non
623 4387 828 4448 poterat
856 4380 1073 4449 penitus
1086 4393 1296 4449 sursum
1333 4383 1564 4448 aspicere
1583 4380 1752 4449 prius.

412 4447 547 4518 Ibid.
581 4447 629 4502 et
658 4449 712 4501 in
752 4464 811 4501 eo
848 4447 989 4518 quod
1015 4447 1332 4518 alligaretur
1361 4447 1591 4502 vinculis
1620 4449 1745 4516 ipsis
1777 4450 1915 4503 insi.

338 4514 459 4600 dias
486 4514 887 4600 dimntpentent,
920 4527 975 4600 ut
995 4514 1137 4599 jam,
1178 4527 1283 4600 etc.
1332 4518 1462 4573 Mss.
1502 4528 1562 4600 et
1595 4514 1647 4571 in
1677 4534 1737 4572 eo
1775 4520 1914 4589 quod

342 4584 909 4656 alligaretur'vinculis
944 4584 1071 4654 ipsis
1111 4588 1475 4653 insidiantem,
1506 4584 1931 4656 disruntpenlem.

341 4669 425 4725 ea,
460 4667 516 4708 ut
547 4656 683 4725 jam,
708 4668 814 4711 etc.

413 4723 555 4796 Ibid.
583 4728 683 4780 etsi
728 4726 1009 4796 alligantes
1042 4723 1224 4778 Jesum
1255 4727 1598 4794 induxerunt,
1648 4737 1751 4783 etc.
1782 4726 1912 4783 Mss.

338 4795 446 4867 etsi
466 4794 746 4867 alligantes
774 4794 960 4851 Iesum
988 4797 1273 4863 duxerunt,
1304 4807 1407 4851 etc.

411 4862 839 4932 Ibidfquoniam
881 4867 1163 4920 damnatus
1203 4862 1319 4933 est,
1361 4876 1466 4921 etc.
1504 4865 1647 4921 Mss-
1666 4869 1915 4937 quoniam

340 4934 625 4989 damnatus
657 4945 810 4998 esset,
840 4945 945 4990 etc.

411 5003 541 5075 Pag.
576 5006 700 5060 9I5.
737 5015 829 5059 aut
883 5005 1123 5073 auferens
1170 5021 1273 5058 non
1328 5005 1585 5071 dixisset,
1629 5015 1730 5061 etc.
1782 5006 1913 5063 Mss.

341 5084 432 5144 aut
468 5075 696 5144 referens
719 5091 820 5129 non
844 5075 1084 5139 dixisset,
1110 5083 1215 5128 etc.

414 5142 546 5199 Ibid.
589 5156 644 5199 ut
691 5146 966 5213 conﬁtens,
995 5146 1299 5213 deprecans,
1332 5153 1435 5200 etc.
1478 5143 1612 5201 Mss.
1646 5155 1703 5199 ut
1751 5149 1917 5217 conﬁ-

342 5220 483 5284 tens,
502 5223 552 5267 et
580 5220 1017 5284 deprecans,_etc.

412 5281 549 5339 Ibid.
584 5281 848 5339 Forsitan
863 5301 984 5354 ergo
1005 5285 1134 5339 dicit
1178 5282 1530 5354 aliquis,.elc.
1558 5283 1692 5339 Mss.
1731 5284 1917 5340 Forsi-

343 5359 584 5425 tauAergo
602 5354 751 5425 dicet
782 5355 995 5425 aliquis,
1026 5366 1131 5410 etc.

414 5370 434 5404 η
460 5370 519 5406 er
554 5370 584 5405 o
614 5370 751 5408 arcet
782 5370 995 5425 attquts,
1026 5370 1131 5410 etc.

414 5370 553 5477 Ibidg.
577 5422 731 5495 Alius
771 5437 947 5495 autem
976 5425 1113 5479 dicet
1155 5422 1251 5495 hoc
1283 5423 1436 5478 modo
1478 5425 1619 5495 quod
1659 5426 1915 5495 scriptum

341 5499 439 5554 ost,
462 5500 563 5566 etc.
594 5492 725 5566 Mss.
754 5494 909 5547 Alius
938 5504 1111 5548 autem
1152 5494 1287 5547 dicet
1319 5494 1416 5547 hoc
1456 5492 1634 5561 modo,
1666 5492 1914 5566 quoniam

343 5561 479 5632 quod
510 5565 764 5632 scriptum
789 5573 888 5627 est,
912 5573 1016 5619 cte.

343 5629 859 5769 Fl'bidlpostquam
909 5633 1188 5703 fecit,.etc.
1239 5631 1369 5688 Mss.
1417 5643 1696 5705 postquam
1739 5646 1917 5690 autem

392 5715 440 5753 ct
472 5740 487 5759 .
520 5716 550 5756 e
575 5717 626 5757 c.

392 5710 487 5759 CII.
520 5711 626 5757 CIC.

413 5770 547 5829 Ibid.
585 5780 641 5825 ut
666 5772 784 5840 jam
831 5788 945 5827 non.
975 5785 1104 5830 esset
1158 5772 1438 5827 secundum
1488 5775 1676 5842 Deum,
1718 5776 1806 5829 sed
1840 5783 1915 5842 ut,

1258 355 1351 411 AD
1385 352 1715 411 ORIGENIS
1751 353 2222 411 C(IMMENT.JN
2260 353 2701 411 MAT'I‘HASUM.

3468 350 3607 405 ωη

2029 474 2134 521 etc.
2168 463 2296 523 Mss.
2320 475 2379 521 ut
2392 465 2512 536 jam
2550 482 2653 520 non
2690 474 2822 521 esset
2848 466 3135 520 secundum
3162 460 3330 520 Deitm
3354 463 3471 533 ipsa
3503 465 3606 517 tri-

2027 537 2202 599 stitia.
2236 536 2327 591 sed
2351 546 2427 601 ut,
2453 549 2560 592 etc.

2100 606 2234 677 Ibid.
2277 600 2538 677 Similiter
2581 605 2787 677 aliquid
2836 606 3038 675 factum
3065 612 3180 671 est,
3213 600 3486 659 etc.-Mss.
3521 602 3582 658 Si

2027 675 2151 731 mile
2180 676 2385 744 aliquid
2415 676 2618 744 factum
2646 675 2745 739 est,
2774 685 2879 732 etc.

2098 745 2227 817 Pag.
2258 742 2399 817 916.Δ
2414 742 2504 801 ubi
2536 746 2732 802 sciebat
2771 745 3049 817 Dominum
3080 744 3312 813 ejecisse,
3342 751 3449 799 etc.
3471 742 3604 800 Mss.

2027 816 2119 871 ubi
2141 815 2339 872 sciebat
2371 815 2656 871 Dominum
2684 817 2884 885 factum
2912 815 3149 882 ejecisse,
3174 823 3281 870 etc.

2098 885 2232 956 Ibid.
2263 885 2331 940 Et
2356 887 2557 956 accepit
2604 884 2821 956 triginta
2872 894 3144 954 argenteos
3165 926 3196 956 ,ν
3216 894 3265 956 et
3301 884 3466 951 misit,
3497 892 3605 941 etc.

2027 953 2170 1028 Mss.
2190 955 2258 1028 Et
2284 958 2460 1026 accepi
2479 953 2707 1028 triginta
2736 953 3030 1028 argenteos,
3053 964 3101 1007 et
3128 955 3269 1017 misi,
3296 967 3400 1009 etc.

2097 1025 2231 1081 Ibid.
2266 1023 2463 1097 dicenti
2498 1023 2901 1097 inierrogatorie
2927 1039 2946 1077 :
2978 1023 3099 1097 Non
3144 1033 3202 1078 tu
3234 1040 3309 1088 es,
3334 1033 3440 1080 etc.
3474 1023 3603 1082 Mss.

2026 1095 2222 1168 dicenti
2253 1096 2679 1168 interrogator-ie,
2700 1093 2821 1166 )‘am
2850 1108 3001 1168 non_._‘
3036 1093 3113 1168 _Tu
3140 1112 3215 1168 es,
3239 1104 3346 1168 etc.

2099 1167 2234 1222 Ibid.
2252 1168 2318 1239 in
2350 1163 2516 1239 tribus
2545 1163 2742 1239 linguis
2863 1176 2919 1239 ut
2947 1163 3256 1239 _Ileb_rcei,__et
3283 1163 3477 1239 Crarci,
3500 1174 3606 1223 etc.

2025 1233 2157 1308 Mss.
2190 1236 2363 1308 tribus
2388 1236 2582 1308 linguis
2604 1233 2666 1293 .I.
2694 1248 2750 1290 ut
2776 1247 2823 1290 et
2855 1234 3068 1308 Hebraei
3093 1244 3141 1288 et
3174 1233 3367 1308 Cra'ci,
3394 1244 3500 1290 etc.

2097 1306 2226 1377 Pag.
2261 1306 2386 1377 9|].
2414 1306 2587 1362 nescio
2617 1308 2664 1361 si
2715 1320 2816 1359 non
2836 1306 3111 1377 ¥mendosa
3163 1306 3386 1359 habeant
3433 1321 3609 1377 exem-

2024 1374 2202 1447 plbrid
2315 1375 2377 1430 Si
2420 1388 2478 1431 tu
2521 1394 2575 1431 es
2596 1418 2611 1442 ,
2656 1387 2750 1431 aut
2778 1392 2796 1430 :
2833 1375 2911 1430 Tu
2940 1374 3176 1447 estMss.
3223 1377 3397 1430 nescio
3427 1376 3476 1430 si
3500 1391 3606 1447 non

2027 1444 2273 1569 attendunt
2304 1447 2529 1501 habeant
2559 1447 2884 1517 exemplaria
3005 1444 3064 1500 Si
3088 1458 3143 1499 tu
3172 1462 3248 1513 es,
3275 1456 3367 1500 aut
3399 1445 3554 1501 ambo
3587 1461 3608 1501 :

2076 1533 2107 1569 u
2135 1534 2212 1569 es.

2076 1533 2107 1569 ιι
2135 1534 2212 1571 εδ.

2096 1585 2231 1641 Ibid.
2276 1586 2551 1641 amborum
2594 1586 2881 1658 petentium
2913 1586 3104 1653 vitam,
3130 1596 3235 1643 etc.
3267 1585 3398 1643 Mss.
3429 1586 3608 1641 ambo-

2027 1672 2146 1710 rum
2175 1658 2463 1726 petentium
2492 1659 2626 1722 vita,
2650 1667 2758 1713 etc.

2098 1727 2235 1782 Ibid.
2264 1736 2315 1781 et
2344 1730 2513 1798 omnis
2562 1726 2801 1781 Ecclesia
2827 1734 2999 1798 petere
3038 1727 3205 1792 possit
3238 1726 3465 1797 aliquem
3490 1742 3609 1798 pes.

2026 1806 2270 1866 calorum
2300 1806 2357 1850 ut
2398 1797 2647 1852 Salvator
2690 1814 2723 1851 a
2766 1796 3211 1866 condemnatione
3250 1799 3473 1866 peccati,
3491 1796 3605 1852 etc.

2024 1865 2155 1921 Mss.
2190 1879 2245 1920 ut
2278 1869 2447 1921 omnis
2492 1867 2731 1922 Ecclesia
2762 1877 2931 1933 petere
2961 1867 3126 1934 possit
3159 1865 3391 1937 aliquem
3422 1883 3611 1936 pecca-

2025 1946 2192 1989 torem
2220 1946 2278 1990 ut
2305 1938 2540 1991 solvatur
2561 1955 2593 1991 a
2622 1938 3052 1992 condetnnatt'one
3077 1938 3305 2005 peccati,
3327 1952 3435 1992 etc.

2096 2006 2235 2078 Ibid.
2267 2007 2321 2059 in
2348 2008 2645 2071 potentibus
2676 2005 3017 2074 constitutos,
3038 2017 3141 2063 etc.
3178 2005 3310 2063 Mss.
3346 2008 3397 2062 in
3426 2020 3612 2078 poten-

2025 2076 2225 2131 tatibus
2248 2078 2584 2141 constitutos,
2606 2086 2715 2133 etc.

2095 2143 2228 2219 Ibid.
2261 2148 2416 2219 quasi
2445 2164 2542 2216 pro
2575 2148 2817 2203 omnibus
2844 2148 3024 2203 malis.
3049 2147 3181 2204 Mss.
3212 2150 3367 2219 quasi
3400 2163 3496 2219 pro
3520 2148 3607 2201 ho-

2024 2216 2254 2270 minibus
2276 2216 2465 2271 malis.

2096 2285 2228 2341 Ibid.
2266 2286 2459 2357 aliquis
2500 2300 2765 2357 peccator,
2808 2298 2913 2344 etc.
2958 2287 3091 2345 Mss.
3138 2288 3332 2358 aliquis
3361 2304 3605 2359 peccam-

2024 2372 2162 2422 t‘ttnt,
2190 2365 2297 2411 etc.
3294 2416 3299 2421 .

2096 2426 2222 2496 I’ag.
2253 2425 2376 2481 9l8.
2409 2443 2511 2480 non
2537 2437 2935 2495 convertuntur,
2956 2437 3060 2484 etc.
3086 2426 3216 2483 Mss.
3249 2444 3350 2481 non
3393 2444 3605 2483 conver-

2027 2505 2225 2563 tentur,
2258 2509 2364 2551 etc.

2093 2566 2230 2622 Ibid.
2275 2581 2452 2620 verum
2496 2567 2711 2638 aliquod
2765 2569 3100 2638 mysterium,
3125 2577 3229 2623 etc.
3266 2567 3394 2624 Mss.
3429 2583 3603 2622 rerum

2023 2639 2239 2707 aliquod
2262 2638 2589 2707 mysterium,
2618 2648 2723 2691 etc.

2096 2706 2231 2762 Ibid.
2262 2706 2316 2759 in
2359 2708 2603 2760 οηιηίὺ.ιδ
2654 2710 2881 2773 vinctus,
2905 2718 3025 2764 ,ctc.
3059 2708 3190 2763 Mss.
3221 2708 3275 2761 in
3305 2707 3604 2762 hominibus

2023 2779 2249 2840 vinctus,
2276 2784 2395 2836 etc;
2962 2802 2965 2803 ν

2095 2846 2229 2901 Ibid.
2260 2854 2323 2917 et
2341 2862 2517 2900 omnes
2562 2848 2653 2917 qui
2697 2849 2771 2902 eis
2822 2846 3023 2901 similes
3074 2858 3231 2915 sunt,
3249 2858 3355 2903 etc.
3392 2846 3523 2903 Mss.
3557 2857 3605 2901 et

2023 2933 2200 2972 omnes
2233 2915 2325 2984 qui
2352 2917 2400 2969 ei
2425 2915 2623 2971 similes
2646 2928 2791 2975 siml.
2818 2929 2925 2972 etc.

2095 2983 2251 3040 Ibid.
2274 2983 2465 3059 Volunt
2505 2996 2681 3041 autem
2709 2988 3078 3059 et'attgelistte,
3109 2999 3217 3043 etc.
3254 2987 3387 3043 Mss.
3428 2986 3603 3043 Voluit

2024 3065 2215 3126 autem.
2229 3055 2566 3126 evangelista,
2594 3066 2697 3111 etc.

2101 3125 2236 3180 Ibid.
2263 3123 2332 3179 Et
2352 3123 2428 3179 est
2453 3127 2625 3180 videre
2653 3143 2813 3198 usque
2840 3144 2998 3195 nunc,
3025 3138 3131 3184 etc.
3170 3128 3305 3182 Mss.
3349 3126 3606 3182 omittunt

2030 3210 2212 3249 usaue.

2140 3281 2225 3337 ag.
2277 3264 2399 3337 919.
2437 3265 2584 3329 Quid
2625 3281 2747 3337 ergo
2797 3266 2997 3335 faciant
3046 3265 3300 3334 delesu,
3332 3274 3440 3322 etc.
3471 3264 3602 3321 Mss.

2026 3333 2169 3402 Quid
2183 3333 2313 3404 ergo
2341 3336 2596 3401 faciemus
2622 3333 2854 3400 de'Jesu,
2882 3346 2989 3393 etc.

2098 3403 2231 3459 Ibid.
2256 3403 2319 3457 ut
2348 3408 2570 3458 audiant
2607 3405 2771 3459 Deum
2796 3407 2897 3460 sibi
2925 3406 3182 3459 dicentem
3208 3422 3237 3460 :.
3256 3404 3390 3461 Cum
3422 3418 3605 3460 exten-

2022 3473 2228 3536 deritis,
2253 3482 2357 3527 etc.
2386 3472 2517 3527 Mss.
2546 3484 2605 3527 ut
2631 3475 2854 3528 audiant
2886 3475 3165 3528 Dominum
3183 3475 3285 3530 stbi
3305 3475 3559 3531 dicentem
3584 3491 3605 3531 .'

2025 3543 2157 3597 Cum
2182 3542 2571 3610 expanderitis,
2596 3552 2717 3598 etc-

2094 3610 2228 3681 Ibid.
2278 3620 2555 3681 propterea
2597 3620 2649 3664 et
2687 3628 2779 3665 nos
2809 3628 3045 3681 qua't‘ere
3100 3612 3373 3667 voluerunt
3403 3616 3602 3668 exitum

2024 3680 2121 3744 rei,
2150 3688 2256 3734 etc.
2287 3680 2419 3753 Mss.
2467 3690 2680 3750 propter
2723 3680 2861 3752 quod
2909 3698 3285 3753 nosquatrere
3328 3683 3603 3738 voluerunt

2024 3758 2224 3802 textum
2250 3751 2346 3813 rei,
2371 3758 2505 3804 etc..

2094 3817 2227 3872 Ibid.
2261 3828 2671 3889 consumpta-est
2709 3838 2741 3889 ιι
2779 3820 2951 3889 capite
2995 3819 3145 3881 Jesu.
3177 3833 3281 3876 etc.
3318 3818 3449 3877 Mss.
3480 3838 3601 3876 con-

2022 3900 2288 3958 summata
2321 3899 2399 3942 est
2432 3888 2667 3958 arcapite
2691 3888 2843 3953 Jesu,
2872 3901 2977 3945 etc.

2093 3956 2226 4029 Ibid.
2262 3958 2515 4013 Calamus
2539 3956 2663 4029 ergo
2693 3961 3025 4029 mysterium,
3055 3960 3319 4015 etc..M.ss.
3348 3961 3600 4017 Calamus

2020 4044 2143 4098 ergo
2167 4028 2275 4092 ille,
2306 4028 2635 4098 mysterium,
2662 4028 2767 4085 etc.

2079 4044 2143 4151 qq
2167 4044 2275 4092 me,
2306 4044 2635 4098 mysterium,
2662 4044 2767 4085 etc.

2096 4114 2218 4171 Aug;
2262 4096 2388 4152 920.
2431 4099 2635 4168 virgam
2675 4099 2871 4154 calami
2906 4115 3054 4163 eam,
3091 4113 3197 4156 ctc.
3240 4098 3369 4155 Mss.
3398 4102 3598 4171 virgam

2021 4169 2363 4231 salaminam,
2389 4176 2492 4222 etc.

2092 4238 2228 4291 Ibid.
2261 4235 2474 4302 Quteres
2508 4236 2590 4303 si,
2612 4237 2937 4305 secundum,
2962 4248 3066 4295 etc.
3099 4237 3228 4294 Mss.
3262 4239 3476 4306 Qua'res
3502 4255 3601 4293 au-

2022 4317 2146 4372 tem,
2183 4309 2230 4361 si
2258 4308 2566 4370 secundum,
2594 4318 2702 4362 etc.

2093 4376 2223 4450 Ibid.
2253 4379 2307 4430 in
2334 4393 2436 4446 quo
2479 4393 2597 4431 eum
2633 4378 2851 4450 fuerunt
2880 4381 3203 4449 suspensuri.
3243 4378 3375 4436 Mss.
3406 4381 3462 4434 in
3496 4396 3598 4450 qua

2020 4462 2139 4500 eum
2168 4447 2379 4515 fuerant
2406 4448 2733 4514 suspensuri.

2094 4516 2227 4572 Ibid.
2262 4517 2510 4587 quoniant
2540 4517 2727 4570 iisdem
2752 4516 2945 4579 litteris
2968 4518 3205 4587 scribunt
3231 4517 3462 4585 Hebraei,
3490 4529 3594 4575 ctc.

2023 4585 2153 4656 Mss.
2174 4584 2421 4656 quoniam
2455 4587 2580 4656 ipsis
2604 4586 2797 4640 litteris
2819 4588 3001 4640 dicunt
3032 4584 3270 4655 Hebrai,
3297 4598 3403 4644 etc.

2022 4726 2067 4779 Α
2083 4655 2227 4775 llbid.
2257 4657 2395 4726 quod
2426 4672 2613 4725 corpus
2649 4658 2800 4724 Adae,
2831 4668 2936 4712 etc.
2960 4656 3091 4712 Mss.
3120 4661 3369 4728 quoniam
3409 4674 3597 4725 corpus

2070 4742 2174 4779 ιω.
2198 4738 2301 4779 etc.

2070 4738 2174 4785 ttat.
2198 4738 2301 4780 etc.

2095 4795 2236 4868 Ibid.
2256 4812 2493 4868 neccum
2524 4797 2702 4868 aliquo
2734 4797 3023 4863 contrario,
3052 4806 3157 4851 etc.
3192 4795 3322 4852 Mss.
3357 4814 3450 4852 nec
3480 4815 3597 4852 cum

2022 4864 2129 4935 alio
2164 4865 2366 4935 aliquid
2396 4864 2684 4931 contrario,
2718 4874 2821 4921 etc.

2093 4934 2223 5007 Pag.
2254 4934 2352 4990 9st
2418 4938 2559 5007 apud
2604 4935 2866 5007 Joannem
2909 4945 3095 4989 autem.
3134 4936 3417 4991 didicimus
3460 4939 3598 5007 quod

2023 5004 2253 5068 milites,
2296 5017 2401 5061 etc.
2451 5004 2580 5061 Mss.
2632 5007 2775 5076 apud
2818 5004 3077 5060 Joannem
3124 5017 3300 5061 autem
3346 5004 3599 5061 discimus

2019 5078 2269 5144 quoniam
2292 5077 2506 5141 milites,
2531 5085 2635 5130 etc.

2095 5144 2227 5199 Ibid.
2255 5144 2702 5216 quidogmatibus
2729 5145 2862 5213 suis,
2881 5154 2992 5202 etc.
3019 5145 3152 5202 Mss.
3183 5147 3276 5217 qui
3298 5146 3348 5201 in
3381 5147 3600 5218 dogma.

2022 5215 2162 5269 tibus
2186 5230 2318 5280 suis,
2342 5225 2447 5271 etc.

2094 5284 2226 5357 Ibid.
2251 5301 2370 5338 cum
2404 5285 2622 5357 daretur
2643 5292 2697 5357 et
2731 5286 3062 5357 mgrrhatunt
3099 5287 3299 5350 viuum,
3326 5293 3432 5341 etc.
3466 5285 3595 5342 Mss.

1938 5409 1946 5416 ,
2022 5370 2139 5407 cum
2168 5354 2389 5409 daretur
2409 5355 2455 5409 ei
2486 5353 2815 5424 myrrhatum
2844 5357 3041 5419 vinum,
3068 5366 3172 5412 etc.

2092 5424 2225 5478 Ibid.
2254 5426 2550 5494 quingentis
2595 5425 2852 5493 fratribus
2876 5467 2891 5491 ,
2930 5427 3208 5479 novissime
3246 5435 3458 5492 autent,
3484 5432 3591 5480 etc.

2021 5492 2151 5549 Mss.
2198 5492 2497 5565 quingentis
2556 5492 2813 5563 fratribus
2878 5495 3038 5549 simul
3056 5536 3085 5563 ,.
3138 5495 3420 5549 novissime
3491 5512 3593 5549 an-

2024 5574 2416 5696 mI'liiIIIciuper
2446 5642 2604 5702 caput
2646 5634 2760 5703 ejus
2804 5634 3096 5704 scriptum,
3121 5645 3229 5689 etc.
3269 5633 3397 5690 Mss.
3441 5650 3587 5699 super

2023 5712 2179 5772 caput
2204 5704 2318 5772 ejus
2345 5703 2447 5771 fuit
2474 5704 2746 5773 scriptum.
2770 5713 2877 5758 etc.

2096 5771 2235 5828 Ibid.
2261 5787 2443 5841 capere
2464 5771 2648 5839 potest.
2677 5771 2808 5828 Mss.
2835 5775 3068 5845 accipere
3089 5784 3277 5846 potest.
